3178 4838
1255 341 1295 402 23

175 531 268 576 nemo
290 510 435 576 dubitare
459 515 575 594 potest,
608 510 685 591 quin
716 508 830 574 eadem
862 509 1043 592 corruptela
1066 515 1178 590 exstet,
1200 529 1296 591 quam

175 615 206 677 in
236 633 325 696 „eum
354 613 453 696 ipse“:
484 613 576 677 Most.
598 615 668 677 316.
696 614 789 676 Truc.
811 613 880 676 890.
902 611 974 703 891.
1007 613 1093 678 Pers.
1113 615 1174 676 603
1203 618 1239 677 et
1263 612 1297 676 in

175 735 262 794 „eam
285 715 372 799 ipse“
395 715 460 782 Mil.
479 717 559 780 1069
582 722 614 779 et
636 715 732 780 Poen.
748 717 820 779 272.

258 821 376 883 'Potum
404 837 532 882 versum
559 837 629 881 cum
654 817 777 900 Buggio
801 815 929 902 (Philol.
945 817 1069 899 XXXI,
1085 815 1171 901 256),
1200 835 1294 899 quem

174 920 347 986 laurencius
378 920 529 1003 sequitur,
561 919 731 1002 legendum
768 938 840 985 esse
872 925 950 1003 puto
980 918 1038 984 ita:
1069 920 1196 1002 liacpsc
1226 938 1297 984 sese

172 1023 383 1088 fervefaciunt
406 1023 489 1088 ilico.
511 1059 554 1069 -
577 1022 766 1104 Cogitabam
791 1020 887 1086 etiam
911 1021 951 1086 de
974 1021 1131 1086 eiusmodi
1148 1022 1297 1087 lectione:

172 1128 300 1210 llaepse
327 1123 460 1209 patinae
483 1124 653 1190 fer-veliunt
674 1125 756 1189 ilico,
802 1123 865 1189 Sed
890 1143 1080 1206 quacunque
1102 1124 1225 1189 ratione
1248 1144 1297 1189 ce·

172 1235 240 1294 tera
262 1227 362 1296 verba
392 1226 486 1290 huius
515 1245 627 1290 versus
650 1226 790 1309 legenda
814 1231 901 1308 sunt,
931 1232 1016 1292 certe
1043 1246 1106 1291 non
1135 1232 1184 1291 est
1206 1226 1296 1290 dubi-

173 1330 305 1395 tandum
329 1329 495 1394 deforma
517 1331 681 1413 ‚,eaepse“.

328 1619 369 1686 lt'e
392 1620 529 1702 genetiuo
552 1622 626 1702 plur.
649 1517 853 1702 „eorlimpsel‘
876 1619 908 1686 el
929 1625 1142 1723 „eorummet

258 1757 403 1822 Vidimus
426 1756 531 1820 adhuc
554 1757 694 1841 priorem
718 1757 913 1840 pronominis
936 1763 1062 1841 partem
1085 1764 1151 1837 tum
1177 1759 1294 1824 flexam

173 1880 252 1941 esse,
274 1859 301 1923 si
324 1858 410 1943 prior
430 1879 493 1922 vox
513 1858 546 1922 in
567 1858 695 1923 vocales
711 1878 729 1922 ο
746 1857 879 1944 (eopse),
903 1858 1073 1944 a(eapse)‚
1096 1879 1135 1930 ae
1151 1859 1295 1947 (eaepse)

172 1963 222 2028 vel
244 1962 277 2026 in
300 1969 529 2027 consonantem
553 1961 680 2026 literam
703 1983 734 2024 m
759 1960 917 2046 (eumpse,
944 1962 1091 2048 eampse)
1119 1963 1296 2030 desinebat.

172 2065 240 2130 lam
270 2083 335 2128 una
363 2063 467 2130 forma
497 2063 637 2146 genetivi
660 2063 740 2146 plur.
764 2068 880 2143 restat,
911 2082 994 2144 qnae
1021 2063 1152 2127 formari
1179 2065 1295 2148 possit:

171 2187 349 2251 eorumpse‚
372 2185 552 2248 earumpse.
597 2165 637 2228 m
659 2183 693 2228 re
717 2184 794 2228 vera
810 2165 877 2228 Leo
894 2163 986 2249 (Mus.
1002 2165 1102 2229 enen.
1118 2167 1295 2232 XXXVIII

171 2292 222 2354 pp.
239 2273 257 2332 3
271 2268 354 2354 sqq.)
370 2273 463 2350 recte,
479 2274 513 2331 ut
531 2266 608 2331 mihi
624 2266 753 2348 quidem
770 2266 903 2348 ridetur,
920 2267 1140 2333 demonstrare
1155 2274 1296 2351 conatur,

171 2392 192 2435 a
215 2371 330 2434 Plauto
354 2370 412 2432 has
435 2389 560 2452 qnoque
576 2369 696 2434 formas
712 2376 887 2453 usurpatas
902 2389 982 2438 csse.
1027 2369 1194 2437 Facillime
1210 2373 1294 2438 enim

172 2474 221 2538 his
243 2472 353 2537 formis
376 2473 513 2556 receptis
536 2472 746 2538 emendantur
768 2471 801 2536 hi
824 2492 948 2537 versus:

257 2575 342 2638 Trin.
360 2577 441 2638 1048
465 2595 510 2657 sq¹
542 2573 632 2639 codd.
663 2574 758 2638 Pall:
796 2575 879 2640 Male
910 2575 1004 2640 fidem
1035 2561 1194 2641 servando
1231 2577 1294 2643 illis

171 2697 298 2761 quoque
328 2679 486 2760 abrogant
519 2675 616 2741 etiam
643 2675 752 2760 fidem,
783 2675 846 2753 Qui
876 2677 920 2746 nil
952 2676 1070 2759 meriti,
1104 2679 1224 2762 qnippe
1254 2699 1294 2744 ex

170 2801 279 2848 eorum
310 2781 438 2863 ingenio
468 2779 631 2862 ingenium
668 2778 779 2844 horum
810 2779 954 2864 probant.
986 2817 1028 2828 -
1057 2782 1120 2846 Pro
1159 2781 1294 2848 lectione

169 2905 227 2968 „ex
250 2883 384 2964 eorum“,
415 2883 447 2946 in
471 2903 536 2964 qua
558 2882 624 2948 iam
648 2882 840 2948 Ritschelius
870 2883 902 2946 in
925 2884 1028 2948 altera
1051 2883 1127 2951 edit.
1151 2885 1292 2967 offendit,

171 2991 235 3053 Leo
253 2987 380 3054 scribit:
392 2985 600 3071 eorumpse.¹)
637 2985 865 3051 Annctandum
882 2993 930 3050 est
945 2986 1065 3052 codicis
1081 2987 1110 3052 A
1125 2980 1291 3052 lectionem

170 3109 296 3171 „eorum
328 3091 386 3155 ex“
419 3089 517 3174 paulo
548 3075 680 3172 propius
709 3088 865 3153 accedere
894 3086 936 3152 ad
960 3089 1134 3170 genuinum
1157 3089 1292 3156 formam

171 3189 383 3276 ‚‚eornmpse“.

257 3291 320 3355 Mil.
340 3292 398 3354 186
421 3291 454 3355 in
477 3292 588 3356 codd
611 3291 738 3374 legitur:
768 3291 915 3356 Profecto
945 3296 979 3356 ut
1002 3312 1042 3357 nc
1066 3311 1227 3376 quoquam
1250 3293 1292 3359 de

170 3394 298 3477 ingenio
322 3392 527 3476 degrediatur
543 3393 688 3459 muliebri
704 3393 888 3476 Earumque
911 3402 1011 3460 artem
1035 3399 1067 3459 ct
1089 3396 1292 3480 disciplinam

172 3492 316 3562 obtineat
333 3495 443 3560 colere.
489 3493 784 3572 Quemadmodum?
798 3534 841 3542 -
857 3496 936 3560 (lum
953 3496 1004 3561 hio
1023 3516 1148 3579 quoque
1164 3518 1292 3583 exspec-

173 3608 278 3664 temus
293 3616 467 3681 „suamqne
483 3599 602 3663 artem“
617 3598 668 3662 vel
683 3599 906 3682 „ipsarumque
918 3600 1044 3678 artem“,
1061 3601 1127 3664 Lec
1143 3601 1293 3665 emendat

169 3719 357 3788 „earumpse
380 3701 507 3766 artent

254 3803 379 3870 Eadem
408 3804 533 3869 ratione
562 3805 766 3887 „eorumpse“
798 3803 999 3870 scribendum
1029 3809 1078 3868 est
1107 3806 1200 3869 Troo.
1224 3807 1293 3889 112,

260 3976 284 4038 ¹)
303 3969 416 4027 Afferre
436 3971 529 4040 possis
548 3976 644 4026 contra
662 3973 763 4026 Leonis
783 3973 1000 4028 emendationem
1019 3987 1131 4028 versum
1143 3975 1217 4028 Pers.
1229 3978 1289 4028 212:

169 4059 247 4126 Heia,
270 4058 338 4112 heia.
375 4057 436 4112 Tuo
463 4072 497 4110 cx
521 4055 633 4125 Ingenio
657 4072 748 4112 mores
770 4059 876 4113 alienos
901 4059 1010 4126 probas.
1035 4089 1070 4098 -
1094 4058 1149 4114 Sed
1172 4058 1290 4113 verbum

169 4141 308 4211 probandi
333 4158 396 4196 enm
420 4142 495 4196 nudo
520 4140 643 4196 ablativo
666 4142 841 4211 coniungitur
865 4142 948 4197 etiam
972 4143 1097 4212 priam,
1117 4148 1156 4210 11,
1175 4148 1207 4197 32
1231 4144 1290 4198 Tus

169 4227 303 4296 probatur
330 4227 452 4282 candore
471 4232 537 4283 cett.
556 4230 585 4280 et
603 4225 653 4284 Or.
671 4230 750 4284 Pont.
764 4229 799 4296 II,
813 4232 865 4296 3‚8
884 4228 994 4298 Vulgus
1017 4229 1150 4284 amIcitias
1169 4228 1290 4283 utilitate

168 4311 275 4385 probat.
