3178 4838
1287 299 1324 356 51

208 469 295 533 Asin.
316 469 372 529 177
390 484 473 547 quae
492 466 615 530 amanti
639 471 757 549 parcet,
781 463 895 528 cadem
919 464 980 528 sibi
997 471 1108 548 parcet
1123 483 1247 548 parum,
1271 467 1331 528 324
1364 467 1369 478 “

207 570 346 634 Fortiter
358 568 477 632 malum
490 568 544 649 qui
556 567 686 650 patitur,
697 566 784 631 idem
797 573 873 650 post
885 567 1005 650 potitur·
1016 563 1143 634 bonum.
1165 566 1238 632 Cas.
1251 567 1291 648 ll,
1304 570 1333 648 2,

212 675 248 735 12
261 693 307 754 sq.
316 671 400 736 Nam
415 669 501 751 qnod
517 667 605 734 tibist
620 687 726 751 aegre,
741 670 826 734 idem
840 667 955 732 mihist.
990 669 1083 733 Most
1094 670 1156 732 296
1172 669 1259 750 quod
1273 668 1332 732 tibi

207 775 302 856 lubet,
324 773 409 838 idem
431 770 509 836 milri
532 771 628 836 lubet.
673 772 755 836 Men.
769 773 865 852 48314
881 772 994 837 mulier
1018 771 1170 853 quiequid
1192 771 1331 853 dixerat,

207 876 292 940 idem
314 893 375 955 ego
403 872 559 938 dicebam.
604 872 669 936 llil.
688 875 765 936 1071
792 878 876 950 (cum
898 870 1021 951 Bothio,
1051 873 1200 956 Hauptio‚
1228 871 1331 957 aliis):

206 977 307 1055 Quom
331 995 414 1057 quae
436 982 467 1040 te
490 974 566 1057 volt,
596 973 734 1040 eandem
757 981 792 1039 tu
815 975 872 1038 vis.
918 975 1014 1040 Poen
1030 976 1088 1037 921
1122 973 1212 1054 Quae
1241 974 1331 1038 audi-

205 1079 299 1144 vistis
321 1077 423 1159 modo,
445 1096 529 1142 nuno
551 1077 578 1141 si
601 1075 715 1142 eadem
739 1075 790 1141 hic
805 1077 924 1142 iterum
948 1077 1060 1141 iterem
1082 1081 1153 1142 cett.
1198 1077 1273 1141 Hec.
1290 1080 1329 1140 73

204 1185 270 1248 Aut
292 1199 356 1262 qua
377 1179 432 1244 via
454 1185 486 1244 te
508 1185 647 1263 captent,
673 1179 786 1246 eadem
816 1181 907 1264 ipsos
935 1179 1018 1264 capi.
1061 1179 1138 1246 Heu.
1153 1181 1215 1243 609
1237 1179 1329 1258 Quod
1388 1185 1389 1190 ’

205 1281 418 1350 faciendumst
433 1288 506 1366 post
521 1281 665 1364 fortasse,
689 1281 774 1346 idem
791 1280 850 1346 hoc
864 1301 949 1346 nuno
963 1281 991 1346 si
1007 1282 1129 1364 feceris,
1145 1303 1175 1347 v,
1186 1304 1216 1367 p.
1228 1286 1268 1344 42
1281 1303 1328 1366 sq.

292 1383 424 1450 Accedit
453 1383 558 1447 simile
588 1382 769 1468 exemplum
801 1384 876 1448 lieo.
900 1388 976 1472 544ε
1016 1384 1080 1450 Sed
1117 1391 1151 1447 ut
1186 1384 1261 1447 olim
1297 1391 1329 1449 te

207 1486 390 1564 ostendisti,
420 1487 535 1552 eadem
565 1505 645 1552 esse.
698 1486 788 1551 Ourc.
808 1490 886 1565 334,
916 1485 969 1552 ubi
999 1506 1069 1550 cum
1101 1486 1192 1551 codd.
1214 1486 1330 1570 legitur

206 1588 314 1672 „Quod
345 1589 449 1666 tibist,
487 1589 562 1654 item
594 1589 655 1654 sibi
685 1591 782 1668 esse“,
821 1588 938 1654 scribo:
977 1588 1069 1667 Quod
1103 1588 1207 1672 tibist,
1244 1589 1328 1656 idem

208 1691 269 1756 sibi
288 1710 368 1756 csse.

291 1791 444 1856 Videmus
467 1791 572 1875 igitur,
602 1791 688 1873 quod
714 1791 843 1874 quidem
876 1811 933 1876 per
967 1811 1001 1856 se
1030 1790 1234 1874 intellegitur,
1263 1791 1329 1856 ubi-

206 1912 341 1975 cumque
364 1912 539 1977 pronomen
563 1893 732 1957 relativum
756 1891 929 1977 praecedit,
958 1911 1132 1976 pronomen
1155 1893 1274 1974 „idem“
1296 1893 1328 1958 iu

204 1996 294 2062 initio
322 1995 553 2062 enuntiationis
581 1995 745 2076 sequentis
772 1994 912 2079 positum
941 1993 1060 2078 essai).
1103 1994 1328 2060 Unus-obstat

204 2119 315 2164 versus
339 2099 435 2164 Pocn.
451 2099 522 2179 921,
545 2097 602 2162 sed
624 2097 669 2160 ibi
692 2104 820 2180 propter
843 2097 1036 2186 particulam
1059 2097 1120 2179 „si“
1144 2097 1245 2162 verba
1273 2098 1327 2162 vix

203 2202 297 2266 aliter
333 2199 485 2265 collocari
518 2205 673 2282 poterant.
704 2237 746 2246 --
776 2199 863 2265 Trin.
879 2203 919 2268 54
956 2205 1063 2264 antem
1101 2206 1185 2265 certe
1220 2199 1327 2266 Bothii

203 2303 385 2370 coniectura
415 2300 584 2385 probanda
615 2308 672 2368 est.
720 2301 839 2367 Contra
869 2301 1115 2386 improbandum
1146 2309 1210 2385 est,
1241 2303 1326 2386 quod

204 2403 374 2470 Muellerus
396 2402 480 2469 Add.
494 2423 524 2486 p.
543 2407 577 2466 11
604 2402 714 2470 scribit
737 2403 827 2470 Most.
844 2406 920 2470 296:
942 2403 1027 2486 quod
1051 2403 1107 2468 tibi
1130 2404 1227 2489 lubet,
1249 2405 1328 2469 mihi

205 2504 291 2571 idem
314 2504 410 2572 lubet.
993 2583 995 2586 Ι

171 2607 173 2618 “
290 2605 410 2684 Quater
425 2607 513 2690 apud
525 2606 676 2672 Plautum
690 2607 723 2671 in
740 2607 830 2672 codd.
842 2608 1003 2673 invenitur·
1014 2610 1083 2690 „ut“
1095 2609 1137 2672 ad
1152 2628 1326 2692 pronomen

202 2708 322 2793 „idem“
352 2709 506 2788 relatum,
537 2709 593 2774 sed
624 2708 686 2774 duo
715 2709 777 2774 loci
806 2708 871 2775 iam
902 2709 1021 2774 dudum
1052 2710 1214 2777 emendati
1245 2717 1327 2778 sunt.

288 2813 379 2896 Oapt.
393 2815 454 2878 778
466 2813 579 2878 eodeni
592 2818 696 2897 pacto,
712 2819 746 2879 ut
761 2813 873 2879 comici
885 2815 970 2880 servi
986 2813 1098 2896 solent,
1113 2819 1146 2881 et
1157 2814 1324 2880 Mera-263

201 2915 314 2982 eodem
337 2923 446 2999 pacto,
477 2923 512 2981 ut
540 2916 646 2980 insani
679 2917 790 2982 solent.
833 2917 894 2984 Hic
916 2917 1046 2999 „eodem
1070 2918 1185 3000 paeto“
1207 2916 1324 2982 dictum

201 3025 250 3084 est
272 3040 329 3101 pro
351 3018 501 3102 „itidem“
523 3027 556 3084 et
577 3025 748 3102 propterea
770 3025 856 3084 certe
879 3019 1058 3085 coniunctio
1081 3019 1150 3100 „ut“
1173 3019 1326 3102 sequitur.
1439 3043 1440 3046 ¹

287 3121 402 3184 Bacch.
417 3123 478 3184 949
509 3120 612 3186 codd:
643 3120 727 3185 Nam
760 3119 824 3184 illic
854 3121 957 3186 eidem
981 3121 1109 3186 Ulixem
1140 3122 1261 3199 audivi,
1291 3129 1326 3187 ut

203 3239 263 3304 ego
286 3240 431 3286 111111-
453 3223 551 3288 Recte
574 3221 757 3288 emendavit
780 3220 913 3286 Bothius
935 3222 999 3304 „illi
1022 3221 1134 3288 itidem
1158 3224 1223 3289 Ul‘.

287 3323 381 3388 llere
398 3326 435 3387 12
451 3323 553 3390 codd:
568 3325 641 3388 Non
656 3345 716 3407 ego
733 3323 818 3390 idem
834 3324 928 3407 facio,
950 3331 985 3388 ut
1006 3325 1088 3390 alios
1104 3327 1136 3390 in
1153 3325 1324 3390 comoediis

202 3424 285 3506 (scil.
308 3425 374 3488 vidi
397 3422 527 3508 iacere).
542 3460 583 3469 -
606 3426 686 3490 Cum
710 3425 877 3492 collocatio
900 3446 1026 3509 quoque
1046 3447 1125 3512 „ego
1147 3428 1248 3492 idem“
1269 3429 1324 3492 vix

288 3578 309 3641 ¹)
326 3573 428 3628 Similis
447 3577 491 3628 est
510 3573 596 3630 ratio:
620 3575 758 3644 Gapaloi
782 3577 818 3632 Ut
836 3593 886 3630 vos
905 3575 958 3646 hic,
983 3576 1078 3631 itidem
1097 3578 1153 3631 illic
1170 3578 1246 3645 apud
1263 3593 1323 3648 vos,

200 3659 268 3713 Hec.
281 3662 327 3712 251
349 3665 380 3712 ut
397 3659 471 3726 veni,
494 3657 592 3711 itidem
610 3657 744 3714 incertum
763 3660 868 3728 amisti;
891 3661 1205 3730 praetermissimus.
1243 3660 1323 3730 (lapt.

202 3745 304 3815 moult
340 3745 512 3814 1111727139.
542 3744 776 3808 Ρ1161111.1991200.
810 3747 972 3802 1111111099.
1003 3747 1187 3814 1111935140.
1218 3745 1322 3817 Amph.

179 3837 249 3892 ,992
269 3835 315 3898 (ex
333 3830 518 3884 Lindemanni
537 3835 614 3884 certa
632 3830 811 3896 coniectura).
848 3831 941 3886 Dubia
966 3838 1009 3886 est
1034 3832 1117 3886 lectio
1135 3832 1270 3888 Asinio.
1288 3863 1322 3872 -

200 3919 231 3972 ln
255 3916 383 3972 omnibus
408 3915 450 3970 nis
475 3909 610 3984 exemplis
634 3915 766 3983 „itidcm“
790 3917 835 3971 vel
854 3919 954 3984 „item“
973 3917 1017 3972 vel
1036 3919 1174 3987 ‚,pariter“
1193 3919 1226 3986 in,
1243 3919 1322 3973 initio

199 4001 401 4058 enuntiationis
424 3999 586 4068 principalis
610 4001 731 4070 positum
755 4007 805 4055 est.
846 4001 944 4069 Itaque
968 4002 1080 4069 probari
1106 4004 1218 4073 nequit,
1245 4004 1322 4072 quod

199 4087 285 4154 vulgo
303 4101 366 4140 cum
385 4083 572 4138 deterioribus
591 4084 672 4139 codd.
686 4085 789 4154 legitur
806 4086 910 4154 Amph.
924 4089 990 4141 960:
1010 4083 1130 4143 Proinde
1148 4089 1188 4143 eri
1207 4094 1239 4141 ut
1256 4087 1320 4158 sint,

146 4215 148 4218 .
199 4173 260 4240 ipse
279 4175 344 4224 item
364 4171 410 4226 sit.
445 4170 513 4224 Cod.
532 4171 555 4224 B
580 4169 663 4237 „item
680 4172 768 4240 ipse“,
792 4171 866 4225 unde
885 4170 1039 4226 rectissime
1057 4171 1258 4228 Fleckeisenns
1276 4189 1320 4242 ep.

199 4257 259 4312 erit.
272 4255 325 4312 XX
343 4255 477 4312 coniecit:
496 4255 594 4312 itidem
611 4257 693 4327 ipsus
711 4257 755 4312 sit.

1081 4358 1117 4412 4*
