3178 4838
1267 343 1307 402 45

271 519 556 592 ’11168116666
585 523 670 586 recte
699 513 828 601 legitur:
865 513 922 579 Vir
953 513 1059 596 illam,
1098 531 1161 576 non
1195 509 1309 576 mulier

186 633 397 718 praegnatem
419 625 505 691 lecit.
548 622 638 686 Idem
668 639 728 704 ego
757 619 840 684 istuc
869 615 944 683 scio.
966 651 1008 664 -
1030 612 1130 679 Ccdd.
1152 619 1201 695 „et
1222 611 1308 678 idem

186 729 375 819 (ide.BD)“‚
397 728 484 794 unde
507 724 640 790 Bothius
663 721 795 787 minime
816 719 1041 785 convenienter
1064 715 1135 781 usui
1159 714 1309 780 Plautino

186 835 314 920 scripsit
335 834 430 917 „item
452 850 513 913 ego
535 829 642 893 istuc“.

272 937 443 1002 ’1166816
466 933 563 1015 vulgo
585 929 714 1012 legitur:
745 927 794 992 Dc
824 926 904 991 istoc
925 925 1007 1008 ipsa,
1037 922 1098 988 etsi
1129 927 1162 986 tu
1192 927 1310 997 taceas,

90 1097 94 1105 .
187 1060 304 1126 reapse
331 1042 465 1121 6166116
496 1033 654 1116 intellego.
675 1067 719 1080 -
743 1029 841 1095 Recte
865 1026 1053 1110 Sehcellius,
1080 1024 1311 1106 Kicsslingium

187 1144 273 1230 (nov.
291 1162 364 1209 ann.
383 1139 463 1204 1868
486 1159 516 1222 p.
532 1133 610 1222 638)
640 1140 672 1199 61
702 1132 889 1198 Muellerum
913 1129 980 1214 (Pr.
998 1128 1043 1195 Pl.
1059 1147 1089 1213 p.
1104 1128 1167 1192 672
1189 1127 1261 1191 adn.
1276 1125 1310 1208 2)

186 1251 324 1327 secutus,
346 1241 467 1307 scribit:
489 1238 578 1304 Idem
602 1237 684 1301 istuc
706 1235 788 1319 ipsa.

274 1349 368 1412 Truc.
384 1347 445 1409 814
476 1340 579 1406 codd:
615 1340 656 1405 ut
690 1337 748 1403 tibi
778 1336 906 1421 quidem
944 1335 1050 1401 hercle
1080 1334 1166 1402 idem
1198 1332 1313 1399 adtulit

189 1469 342 1532 magnum
367 1447 498 1512 malum.
514 1481 556 1491 -
571 1442 615 1510 Ut
637 1441 951 1507 trochaicusversus
975 1439 1100 1520 existat,
1122 1437 1313 1522 Spengelius

188 1552 296 1636 „istic“
321 1556 394 1635 post
421 1549 540 1632 „idem“
567 1544 666 1610 addit.
711 1543 890 1610 Schoellius
922 1541 1033 1606 scribit
1062 1539 1186 1626 '‚‚her·cle
1213 1539 1314 1605 infida

190 1653 301 1732 idem“,
323 1651 517 1718 Dombartus
539 1648 661 1732 „hercle
683 1649 796 1714 eadem
821 1667 919 1732 opera
941 1645 1052 1712 idem“.

276 1755 440 1821 ’1116747
463 1758 548 1819 16616
571 1771 642 1818 cum
664 1750 755 1816 libris
773 1750 932 1816 Palatinis
947 1748 1078 1830 legitur:
1100 1747 1184 1812 Nam
1209 1746 1314 1812 hercle

191 1859 298 1924 omnia
326 1859 430 1922 istaec
460 1857 594 1921 veniunt
625 1856 658 1920 in
681 1859 820 1920 mentem
853 1853 939 1918 mihi.
961 1889 1003 1899 -
1025 1849 1102 1916 Cod.
1121 1852 1150 1914 A
1172 1850 1314 1934 „Eadem

190 1962 298 2027 omnia
312 1959 440 2038 istaec“,
463 1977 562 2042 quam
581 1958 751 2024 lectionem
773 1956 922 2040 probavit
938 1953 1132 2020 Ritschclius
1153 1955 1186 2018 in
1209 1955 1314 2037 priore

189 2066 246 2144 ed.,
262 2064 319 2130 sed
334 2063 480 2130 codicum
493 2061 712 2126 Palatinorum
729 2060 823 2124 lectio
840 2059 982 2123 maxime
995 2058 1143 2123 convenit
1155 2055 1313 2122 constanti

190 2167 261 2234 usui
283 2166 442 2247 Plautino,
465 2164 503 2228 61.
520 2162 646 2226 Β111166
669 2162 712 2224 ad
734 2160 836 2226 urina
858 2181 887 2226 v.
902 2164 951 2223 61.
1053 2224 1055 2229 ,

278 2267 433 2333 Omnibus
455 2265 552 2348 igitur
574 2263 624 2328 his
646 2264 724 2328 locis
739 2262 858 2345 „idem“
873 2263 1085 2347 anteponitur.
1100 2301 1142 2310 -
1157 2263 1316 2329 Contrarii

191 2369 317 2453 generis
340 2375 413 2433 sunt
435 2368 499 2432 Mil.
516 2369 576 2431 776
601 2372 633 2431 61
655 2367 747 2431 Most.
766 2368 856 2430 1087.

277 2473 343 2538 Μ11.
359 2474 419 2536 776
442 2471 531 2536 codd.
546 2469 668 2554 „Credo
691 2490 750 2554 ego
774 2470 857 2534 istuc
879 2469 990 2548 idem“‚
1014 2470 1099 2552 quod
1120 2451 1316 2536 reiciendum

191 2582 249 2642 661.
293 2575 406 2640 Utrum
430 2581 535 2639 tamen
553 2572 658 2638 Bothii
681 2573 864 2637 emendatio
887 2573 987 2654 „istuc
1009 2574 1103 2638 item“
1127 2594 1169 2637 an
1186 2574 1317 2656 Bergkii

192 2677 292 2763 „istuc
315 2675 463 2759 quidem“⁴
484 2674 695 2760 praeferenda
717 2674 767 2756 sit,
790 2675 845 2739 vix
865 2674 1038 2757 dijudicari
1058 2680 1171 2759 potest

278 2781 328 2846 De
343 2779 435 2844 Most.
450 2799 479 2844 v.
498 2779 592 2842 1087:
616 2777 691 2841 Dixi
714 2796 774 2860 ego
796 2776 879 2842 istuc
901 2777 986 2844 idem
1009 2777 1056 2842 illi
1080 2783 1152 2842 cett.
1168 2777 1206 2844 cf.
1221 2799 1251 2862 p.
1268 2782 1318 2844 47.

278 2882 421 2948 Eandem
438 2881 542 2965 legem
558 2887 656 2963 atque
674 2881 824 2966 exempla
838 2881 990 2946 Plautina
1014 2888 1121 2948 tenent
1143 2880 1224 2947 haec
1238 2881 1317 2948 duo:

192 2988 255 3052 lnc.
270 2985 331 3052 inc.
346 2984 473 3070 (fragm.
485 2983 581 3068 trag.)
603 3004 632 3049 1.
650 2987 723 3048 1166
747 2984 891 3049 Eandem
908 2984 1056 3049 virtutem
1073 2986 1179 3070 istam,
1202 2986 1318 3051 Pacuv.

194 3090 269 3150 202:
291 3087 405 3152 eadem
428 3087 536 3152 161666.

280 3188 376 3278 Apud
397 3188 582 3255 Terentium
606 3187 688 3254 haec
709 3187 916 3252 inveniuntur
940 3189 1101 3272 exempla:
1125 3191 1239 3258 Heaut.
1255 3185 1316 3254 888

195 3291 280 3357 idem
301 3292 383 3356 istuc
405 3291 467 3376 (sic
482 3298 567 3358 recte
582 3293 619 3374 A,
641 3293 738 3358 661611
762 3291 853 3358 codd.
874 3291 1003 3376 „itidem
1027 3291 1147 3380 istuc“).
1192 3294 1317 3362 Phor-m.

197 3397 257 3458 726
280 3394 365 3460 idem
389 3413 448 3478 ego
470 3393 560 3460 istuc.

281 3495 413 3562 Accedit
448 3513 560 3560 versus
596 3494 878 3582 desperatissimus
915 3496 1085 3577 Hectit,
1130 3499 1183 3564 ubi
1227 3501 1318 3567 codd.

197 3597 394 3685 Calliopiani
409 3597 577 3682 praebent:
599 3597 685 3664 Nam
700 3619 804 3683 neque
819 3598 873 3665 ille
897 3599 955 3666 lroo
978 3603 1085 3667 animo
1101 3603 1161 3667 6111
1176 3609 1317 3668 aetatem

195 3721 301 3785 neque
330 3701 446 3785 66116
476 3698 591 3766 eadem
621 3701 702 3766 istac
730 3708 849 3768 661616.
893 3703 1075 3787 A‚‚eadem
1105 3703 1169 3768 1616
1200 3708 1318 3784 6616611,

195 3806 252 3872 sed
276 3804 380 3870 altera
401 3824 515 3869 manus
538 3804 676 3870 correxit
697 3807 851 3888 ,‚actate“.

282 3905 419 3992 Adelph.
434 3910 496 3970 424
525 3914 611 3974 16616
639 3908 767 3990 legitur:
795 3908 968 3976 Conservis
991 3908 1033 3973 ad
1055 3909 1191 3977 eundem
1215 3911 1319 3977 istunc

106 4095 108 4104 ‚
197 4011 359 4098 praecipio
398 4010 536 4077 modum.
570 4047 610 4058 -
643 4012 671 4075 A
701 4011 833 4094 praebet
868 4013 1022 4096 „eundem
1062 4013 1193 4097 ipsum“,
1232 4015 1318 4097 quod
1373 4025 1375 4028 ’

197 4115 336 4182 Klettius
367 4113 489 4199 (Symb.
505 4112 581 4198 phil.
597 4114 697 4182 Bonn.
716 4134 745 4197 p.
763 4116 824 4179 846
848 4115 968 4201 66661.)
999 4098 1216 4202 recipiendum
1247 4139 1318 4184 esse

197 4223 296 4301 putat.
341 4217 406 4282 Sed
438 4217 504 4282 iam
538 4215 699 4299 Reisiglus
729 4217 846 4302 (Schcl.
869 4219 978 4303 1616.
1001 4223 1061 4283 375
1091 4220 1141 4286 ed.
1164 4221 1319 4308 Haasius)

176 4379 179 4385 .
198 4319 374 4385 rectissime
386 4318 543 4404 exposuit,
556 4319 684 4385 omnino
696 4320 867 4387 abhorrere
879 4320 921 4386 ab
930 4307 1119 4406 optimorum
1129 4327 1318 4410 scriptorum
