3178 4838
358 632 399 700 lle
422 633 555 699 ablativo
579 633 657 715 stop.
680 632 752 698 lem.
776 633 885 715 „ipsa‘
908 633 940 698 cl
962 636 1108 716 „captet

262 752 368 834 ,ipsa“
394 752 509 834 legitor
532 752 610 816 Oist.
627 751 788 833 1V‚2,99.
811 751 876 816 Mil.
895 752 984 815 1292.

259 853 346 918 Trin.
365 857 445 916 1054
464 856 504 919 A:
532 854 600 918 Hoc
627 854 682 935 qui
709 853 742 916 in
771 859 907 918 mentem
932 855 1055 918 venerit
1079 853 1178 918 mihi?
1200 853 1295 917 modo

173 955 302 1041 reipsa
325 962 501 1020 commotus
525 977 604 1023 sum.
625 993 667 1002 -
690 954 783 1021 Certe
810 954 1023 1040 praeferenda
1050 962 1098 1020 est
1121 961 1294 1020 ceterorum

172 1058 324 1123 librorum
354 1058 449 1122 lectio
484 1077 535 1137 ,re
566 1059 638 1140 ipsa
667 1056 762 1121 modo
785 1053 997 1121 commonitus
1020 1062 1120 1122 sum“.
1164 1057 1294 1121 Nullam

173 1161 380 1227 offensionem
409 1181 480 1226 esse
508 1161 539 1225 in
562 1160 703 1224 numeris
729 1177 781 1238 ,re
805 1159 877 1243 ipsa
900 1165 970 1226 ...⁸
996 1178 1100 1241 neque
1123 1180 1203 1243 opus
1225 1179 1296 1224 esse

174 1263 340 1329 Ritschelii
370 1265 552 1328 coniectura
586 1282 637 1341 ,re
667 1263 877 1326 commonitus
908 1281 979 1324 sum
1008 1260 1134 1346 modo“,
1168 1261 1295 1326 Brixius

174 1366 372 1432 demonstrat
401 1366 517 1450 (Trin.³
539 1364 641 1449 prael.
664 1385 694 1448 p.
713 1364 774 1449 14),
824 1363 955 1429 Accedit
985 1362 1070 1445 qnod
1100 1367 1133 1428 et
1164 1364 1296 1429 Plautus

174 1473 206 1532 et
241 1465 411 1531 Terentius
448 1466 636 1549 saepissime
673 1465 909 1529 substantivum
951 1468 1039 1542 ,res“
1080 1483 1150 1528 cum
1186 1465 1297 1528 formis

175 1569 372 1653 pronominis
398 1569 503 1652 ,ipse“
530 1569 735 1651 coniungunt,
758 1567 796 1633 of.
818 1566 888 1632 Aul.
906 1569 977 1633 421.
1004 1566 1097 1652 Epid.
1114 1569 1184 1631 713.
1211 1567 1296 1633 Trin.

178 1676 247 1737 755.
263 1675 351 1735 1145.
374 1672 465 1737 Troe.
479 1674 547 1736 864.
570 1670 667 1736 Andr.
681 1672 753 1736 202.
766 1671 836 1734 359.
849 1674 919 1734 551.
941 1669 1057 1734 Heaut.
1069 1671 1142 1735 266.
1154 1670 1215 1732 894
1225 1675 1296 1733 cett.

178 1775 270 1840 Certe
292 1774 396 1858 poetis
425 1774 546 1858 copiosi
575 1773 731 1839 sermonis
755 1772 987 1837 amantissimis
1010 1771 1096 1836 nuda
1118 1790 1181 1836 vox
1207 1777 1293 1850 ,res“

176 1898 239 1941 non
262 1876 448 1942 sufficiebat.
530 1885 533 1890 ’

265 1984 399 2064 ,eapse“
425 1979 585 2044 invonitur
608 1979 700 2045 Ouro.
716 1981 787 2043 534.
814 1977 901 2042 Trin.
917 1979 988 2042 974.

261 2080 353 2166 Epid.
370 2085 431 2145 254
446 2082 483 2147 Β;
507 2083 596 2147 Haec
619 2081 664 2146 sic
687 2080 778 2145 aibat
800 2079 846 2144 sic
868 2079 1034 2143 audivisse
1058 2097 1092 2143 se
1108 2078 1186 2143 absc
1202 2084 1298 2161 atque

175 2185 271 2270 (,ab“
306 2189 380 2268 post
406 2189 540 2266 ,atque¹‘
574 2182 713 2266 erasnm)
737 2182 884 2265 epistola.
906 2217 947 2227 -
970 2181 1230 2263 Kampmannus‚
1258 2181 1298 2245 de

180 2286 257 2366 ,ab“
284 2305 394 2369 praep.
424 2305 483 2349 usu
514 2285 664 2348 Plautino
687 2305 717 2368 p.
733 2286 774 2346 29
796 2302 923 2348 versum
954 2283 1001 2348 sic
1031 2282 1182 2348 restituit:
1209 2283 1299 2347 Haec

177 2389 223 2452 sio
245 2387 350 2451 aibat:
373 2387 419 2451 sic
441 2386 604 2452 audivisse
627 2407 668 2452 ex
689 2407 790 2471 eapse
812 2394 908 2468 atque
931 2385 1080 2470 epistula.
1123 2385 1225 2450 Aliter
1241 2385 1298 2450 Us-

178 2489 299 2571 singius
338 2495 369 2554 et
400 2489 571 2554 Muellerus
609 2509 736 2554 versum
777 2489 989 2570 conformant,
1027 2488 1084 2554 sed
1121 2487 1163 2552 de
1195 2487 1299 2552 forma

181 2597 315 2676 ,eapse“
342 2611 382 2656 ne
405 2592 434 2657 ei
458 2591 587 2673 quidem
611 2591 769 2656 dubitant.

263 2694 377 2760 Bacch.
394 2697 455 2758 312
472 2693 574 2759 codd:
598 2693 674 2776 quin
697 2693 729 2756 in
752 2692 826 2777 ipsa
849 2691 931 2756 aede
954 2691 1080 2760 Dianae
1100 2690 1301 2756 conditumst.

176 2797 356 2862 -Utrum
389 2798 452 2880 hic,
484 2804 517 2861 ut
547 2795 672 2860 numeri
703 2795 920 2874 emendentur,
948 2815 1018 2860 oum
1042 2793 1217 2859 Ritschelio
1250 2795 1301 2872 ,in

177 2921 275 2986 eapse
297 2903 397 2967 aede“
430 2921 472 2966 an
501 2922 571 2966 cum
598 2898 722 2984 Pylade
745 2899 993 2980 Hermannoque
1024 2899 1114 2982 ,ipsa
1142 2897 1175 2961 in
1199 2897 1297 2962 aede“

177 3003 347 3086 legendum
372 3004 422 3085 sit,
445 3003 597 3067 incertum
622 3009 678 3083 est,
701 3020 773 3066 cum
792 3007 927 3083 utraque
943 3000 1126 3064 emendatio
1145 2999 1302 3064 facillima

179 3108 230 3169 sit.
254 3144 295 3152 —
319 3107 466 3174 Ceterum
498 3124 628 3189 prorsus
658 3102 851 3168 reiciendum
880 3108 942 3184 est,
973 3101 1059 3183 quod
1090 3100 1303 3183 Hermonem,

180 3205 384 3290 Ritsehelius,
406 3207 462 3271 alii
477 3205 619 3271 scribunt
644 3205 744 3284 ,deae
758 3205 915 3286 Dianae“,
937 3221 1041 3285 neque
1059 3203 1145 3267 enim
1161 3221 1302 3284 unquam

180 3308 268 3393 apud
290 3308 438 3374 Plautum
466 3309 518 3374 vel
549 3307 637 3392 apud
660 3310 846 3372 Terentium
875 3305 992 3369 dicitur
1026 3305 1124 3384 ,deus
1153 3303 1302 3388 luppiter,

180 3411 243 3475 dea
265 3411 375 3475 Iuno“.
427 3409 597 3491 Ussingius
621 3409 713 3474 addit
739 3406 934 3493 ,Ephesiae“
961 3409 1031 3472 coll.
1055 3407 1169 3471 Bacch.
1187 3407 1247 3469 307
1271 3411 1303 3470 et

180 3514 246 3579 Mil.
263 3517 334 3595 411,
357 3511 415 3577 sed
438 3513 498 3575 hac
520 3531 598 3577 voce
620 3519 749 3596 recepta
772 3511 934 3576 deterrimi
961 3510 1085 3575 numeri
1112 3509 1302 3574 efficiuntur.

181 3615 274 3681 Certe
301 3613 540 3699 simplicissima
567 3619 616 3679 est
638 3613 820 3681 emendatio
844 3612 987 3679 Goelleri
1013 3610 1181 3694 ,Dianai“,
1204 3631 1301 3692 quam

181 3718 333 3788 Goetnius
356 3723 389 3783 et
410 3719 477 3783 Leo
499 3716 665 3801 recipiunt

324 3960 366 4026 De
389 3959 569 4025 nominativo
592 3958 664 4024 lem.
688 3853 763 4039 plrir.
787 3957 916 4039 „lpsae“
940 3954 971 4020 et
994 3955 1160 4035 „eaepse‘c

266 4083 385 4147 Forma
421 4080 547 4164 ,ipsae“
584 4078 756 4144 invenitur:
790 4077 864 4143 Cas.
886 4076 941 4157 IV,
966 4079 992 4157 l,
1017 4075 1099 4152 19.¹)
1133 4073 1228 4138 Poen.
1253 4074 1302 4136 30.

182 4189 266 4253 Pers.
283 4187 354 4248 499.
397 4182 564 4248 Rudcea

270 4340 290 4406 ¹)
310 4336 371 4392 (las.
383 4335 432 4404 lv,
447 4339 469 4398 1,
484 4338 514 4388 19
534 4333 651 4406 legitur:
669 4339 702 4390 ut
719 4332 798 4402 ipsae
817 4330 893 4387 solae
912 4333 1026 4384 ventres
1045 4327 1210 4384 distendant
1228 4341 1302 4382 suos.
