<?xml version="1.0" encoding="UTF-8"?>
<!DOCTYPE html PUBLIC "-//W3C//DTD XHTML 1.0 Transitional//EN"
    "http://www.w3.org/TR/xhtml1/DTD/xhtml1-transitional.dtd">
<html xmlns="http://www.w3.org/1999/xhtml" xml:lang="en" lang="en">
 <head>
  <title>
</title>
<meta http-equiv="Content-Type" content="text/html;charset=utf-8" />
  <meta name='ocr-system' content='tesseract 3.04.00' />
  <meta name='ocr-capabilities' content='ocr_page ocr_carea ocr_par ocr_line ocrx_word'/>
</head>
<body>
  <div class='ocr_page' id='page_1' title='image "./depronominibusi00niemgoog_0031.png"; bbox 0 0 3178 4838; ppageno 0'>
   <div class='ocr_carea' id='block_1_1' title="bbox 295 355 335 416">
    <p class='ocr_par' dir='ltr' id='par_1_1' title="bbox 295 355 335 416">
     <span class='ocr_line' id='line_1_1' title="bbox 295 355 335 416; baseline 0.025 -1"><span class='ocrx_word' id='word_1_1' title='bbox 295 355 335 416; x_wconf 88' lang='grc'><strong>26</strong></span> 
     </span>
    </p>
   </div>
   <div class='ocr_carea' id='block_1_2' title="bbox 228 523 1448 4192">
    <p class='ocr_par' dir='ltr' id='par_1_2' title="bbox 228 523 1448 1538">
     <span class='ocr_line' id='line_1_2' title="bbox 293 523 1418 617; baseline 0.012 -29"><span class='ocrx_word' id='word_1_2' title='bbox 293 542 365 588; x_wconf 91' lang='lat' dir='ltr'><strong>esse</strong></span> <span class='ocrx_word' id='word_1_3' title='bbox 395 523 549 591; x_wconf 86' lang='lat' dir='ltr'><strong>vidimus:</strong></span> <span class='ocrx_word' id='word_1_4' title='bbox 572 525 663 604; x_wconf 80' lang='lat' dir='ltr'><strong>Quae</strong></span> <span class='ocrx_word' id='word_1_5' title='bbox 694 527 775 592; x_wconf 91' lang='lat' dir='ltr'><strong>alios</strong></span> <span class='ocrx_word' id='word_1_6' title='bbox 806 530 1014 615; x_wconf 89' lang='lat' dir='ltr'><strong>conlaudare,</strong></span> <span class='ocrx_word' id='word_1_7' title='bbox 1043 551 1142 617; x_wconf 89' lang='lat' dir='ltr'><strong>eapse</strong></span> <span class='ocrx_word' id='word_1_8' title='bbox 1165 554 1236 599; x_wconf 87' lang='lat' dir='ltr'><strong>sese</strong></span> <span class='ocrx_word' id='word_1_9' title='bbox 1259 557 1334 600; x_wconf 85' lang='lat' dir='ltr'><strong>vero</strong></span> <span class='ocrx_word' id='word_1_10' title='bbox 1357 558 1418 603; x_wconf 93' lang='lat' dir='ltr'><strong>non</strong></span> 
     </span>
     <span class='ocr_line' id='line_1_3' title="bbox 293 627 1417 722; baseline 0.014 -32"><span class='ocrx_word' id='word_1_11' title='bbox 293 632 397 710; x_wconf 89' lang='lat' dir='ltr'><strong>potest</strong></span> <span class='ocrx_word' id='word_1_12' title='bbox 425 627 466 692; x_wconf 89' lang='lat' dir='ltr'><strong>cf.</strong></span> <span class='ocrx_word' id='word_1_13' title='bbox 500 649 530 712; x_wconf 88' lang='lat' dir='ltr'><strong>p.</strong></span> <span class='ocrx_word' id='word_1_14' title='bbox 558 633 604 711; x_wconf 86' lang='lat' dir='ltr'><strong>l&#39;l,</strong></span> <span class='ocrx_word' id='word_1_15' title='bbox 636 628 805 715; x_wconf 82' lang='lat' dir='ltr'><strong>Scioppius</strong></span> <span class='ocrx_word' id='word_1_16' title='bbox 836 632 928 716; x_wconf 86' lang='lat' dir='ltr'><strong>Susp.</strong></span> <span class='ocrx_word' id='word_1_17' title='bbox 958 633 1042 701; x_wconf 87' lang='lat' dir='ltr'><strong>lectt.</strong></span> <span class='ocrx_word' id='word_1_18' title='bbox 1062 636 1114 718; x_wconf 93' lang='lat' dir='ltr'><strong>lV,</strong></span> <span class='ocrx_word' id='word_1_19' title='bbox 1139 642 1186 718; x_wconf 88' lang='lat'><strong>11,</strong></span> <span class='ocrx_word' id='word_1_20' title='bbox 1215 657 1245 722; x_wconf 92' lang='lat' dir='ltr'><strong>p.</strong></span> <span class='ocrx_word' id='word_1_21' title='bbox 1266 641 1337 722; x_wconf 86' lang='grc'><strong>204,</strong></span> <span class='ocrx_word' id='word_1_22' title='bbox 1365 641 1417 706; x_wconf 93' lang='lat' dir='ltr'><strong>ubi</strong></span> 
     </span>
     <span class='ocr_line' id='line_1_4' title="bbox 297 730 1416 823; baseline 0.012 -29"><span class='ocrx_word' id='word_1_23' title='bbox 297 735 430 813; x_wconf 84' lang='lat' dir='ltr'><strong>,eapse“</strong></span> <span class='ocrx_word' id='word_1_24' title='bbox 463 730 613 812; x_wconf 82' lang='lat' dir='ltr'><strong>restituit,</strong></span> <span class='ocrx_word' id='word_1_25' title='bbox 642 733 740 798; x_wconf 89' lang='lat' dir='ltr'><strong>etiarn</strong></span> <span class='ocrx_word' id='word_1_26' title='bbox 772 733 813 798; x_wconf 90' lang='lat' dir='ltr'><strong>de</strong></span> <span class='ocrx_word' id='word_1_27' title='bbox 842 733 945 799; x_wconf 86' lang='lat' dir='ltr'><strong>forma</strong></span> <span class='ocrx_word' id='word_1_28' title='bbox 980 743 1116 821; x_wconf 85' lang='lat' dir='ltr'><strong>,sapsa“</strong></span> <span class='ocrx_word' id='word_1_29' title='bbox 1151 739 1286 822; x_wconf 85' lang='lat' dir='ltr'><strong>cogitat,</strong></span> <span class='ocrx_word' id='word_1_30' title='bbox 1321 761 1416 823; x_wconf 90' lang='lat' dir='ltr'><strong>quam</strong></span> 
     </span>
     <span class='ocr_line' id='line_1_5' title="bbox 293 832 1417 929; baseline 0.012 -33"><span class='ocrx_word' id='word_1_31' title='bbox 293 832 427 898; x_wconf 86' lang='lat' dir='ltr'><strong>formam</strong></span> <span class='ocrx_word' id='word_1_32' title='bbox 443 833 558 899; x_wconf 85' lang='lat' dir='ltr'><strong>Festus</strong></span> <span class='ocrx_word' id='word_1_33' title='bbox 579 856 609 920; x_wconf 90' lang='lat' dir='ltr'><strong>p.</strong></span> <span class='ocrx_word' id='word_1_34' title='bbox 627 837 687 900; x_wconf 87' lang='grc'><strong>325</strong></span> <span class='ocrx_word' id='word_1_35' title='bbox 711 836 760 900; x_wconf 92' lang='lat' dir='ltr'><strong>bis</strong></span> <span class='ocrx_word' id='word_1_36' title='bbox 783 843 928 920; x_wconf 90' lang='lat' dir='ltr'><strong>testatur,</strong></span> <span class='ocrx_word' id='word_1_37' title='bbox 951 859 1022 904; x_wconf 90' lang='lat' dir='ltr'><strong>cum</strong></span> <span class='ocrx_word' id='word_1_38' title='bbox 1046 840 1136 906; x_wconf 89' lang='lat' dir='ltr'><strong>dicit:</strong></span> <span class='ocrx_word' id='word_1_39' title='bbox 1160 842 1249 908; x_wconf 84' lang='lat' dir='ltr'>Idem</span> <span class='ocrx_word' id='word_1_40' title='bbox 1265 843 1417 929; x_wconf 83' lang='lat' dir='ltr'><strong>(Ennius)</strong></span> 
     </span>
     <span class='ocr_line' id='line_1_6' title="bbox 293 936 1416 1028; baseline 0.011 -29"><span class='ocrx_word' id='word_1_41' title='bbox 293 957 363 1000; x_wconf 92' lang='lat' dir='ltr'><strong>cum</strong></span> <span class='ocrx_word' id='word_1_42' title='bbox 394 936 442 1001; x_wconf 91' lang='lat' dir='ltr'><strong>ait</strong></span> <span class='ocrx_word' id='word_1_43' title='bbox 472 957 602 1022; x_wconf 83' lang='lat' dir='ltr'><strong>sapsam</strong></span> <span class='ocrx_word' id='word_1_44' title='bbox 633 958 690 1023; x_wconf 90' lang='lat' dir='ltr'><strong>pro</strong></span> <span class='ocrx_word' id='word_1_45' title='bbox 720 940 792 1025; x_wconf 93' lang='lat' dir='ltr'><strong>ipsa</strong></span> <span class='ocrx_word' id='word_1_46' title='bbox 815 961 874 1006; x_wconf 90' lang='lat' dir='ltr'><strong>nec</strong></span> <span class='ocrx_word' id='word_1_47' title='bbox 897 942 979 1025; x_wconf 87' lang='lat' dir='ltr'><strong>alia,</strong></span> <span class='ocrx_word' id='word_1_48' title='bbox 1010 943 1100 1028; x_wconf 93' lang='lat' dir='ltr'><strong>ponit</strong></span> <span class='ocrx_word' id='word_1_49' title='bbox 1122 944 1155 1009; x_wconf 93' lang='lat' dir='ltr'><strong>in</strong></span> <span class='ocrx_word' id='word_1_50' title='bbox 1178 944 1198 1009; x_wconf 93' lang='lat' dir='ltr'><strong>l.</strong></span> <span class='ocrx_word' id='word_1_51' title='bbox 1215 945 1308 1010; x_wconf 89' lang='lat' dir='ltr'>XIII:</span> <span class='ocrx_word' id='word_1_52' title='bbox 1332 945 1416 1011; x_wconf 88' lang='lat' dir='ltr'><strong>Nam</strong></span> 
     </span>
     <span class='ocr_line' id='line_1_7' title="bbox 293 1041 1448 1129; baseline 0.009 -23"><span class='ocrx_word' id='word_1_53' title='bbox 293 1062 344 1106; x_wconf 92' lang='lat' dir='ltr'><strong>res</strong></span> <span class='ocrx_word' id='word_1_54' title='bbox 367 1061 466 1125; x_wconf 81' lang='lat' dir='ltr'><strong>sapsa</strong></span> <span class='ocrx_word' id='word_1_55' title='bbox 494 1041 563 1106; x_wconf 90' lang='lat' dir='ltr'><strong>loco</strong></span> <span class='ocrx_word' id='word_1_56' title='bbox 591 1063 660 1109; x_wconf 89' lang='lat' dir='ltr'><strong>sese</strong></span> <span class='ocrx_word' id='word_1_57' title='bbox 689 1051 891 1128; x_wconf 82' lang='lat' dir='ltr'><strong>ostentatque</strong></span> <span class='ocrx_word' id='word_1_58' title='bbox 920 1045 1079 1129; x_wconf 89' lang='lat' dir='ltr'><strong>iubetque.</strong></span> <span class='ocrx_word' id='word_1_59' title='bbox 1131 1049 1172 1114; x_wconf 82' lang='lat' dir='ltr'><strong>Et</strong></span> <span class='ocrx_word' id='word_1_60' title='bbox 1197 1050 1355 1116; x_wconf 86' lang='lat' dir='ltr'><strong>Pacuvius</strong></span> <span class='ocrx_word' id='word_1_61' title='bbox 1384 1049 1417 1115; x_wconf 93' lang='lat' dir='ltr'><strong>in</strong></span> <span class='ocrx_word' id='word_1_62' title='bbox 1444 1093 1448 1102; x_wconf 86' lang='lat'><em>·</em></span> 
     </span>
     <span class='ocr_line' id='line_1_8' title="bbox 293 1144 1417 1232; baseline 0.01 -25"><span class='ocrx_word' id='word_1_63' title='bbox 293 1145 429 1209; x_wconf 84' lang='lat' dir='ltr'><strong>Teucro:</strong></span> <span class='ocrx_word' id='word_1_64' title='bbox 460 1144 544 1209; x_wconf 90' lang='lat' dir='ltr'><strong>Nam</strong></span> <span class='ocrx_word' id='word_1_65' title='bbox 576 1145 733 1211; x_wconf 78' lang='lat' dir='ltr'><strong>Teucrum</strong></span> <span class='ocrx_word' id='word_1_66' title='bbox 765 1148 833 1230; x_wconf 85' lang='lat' dir='ltr'><strong>regi</strong></span> <span class='ocrx_word' id='word_1_67' title='bbox 865 1167 964 1232; x_wconf 88' lang='lat' dir='ltr'><strong>sapsa</strong></span> <span class='ocrx_word' id='word_1_68' title='bbox 992 1167 1042 1214; x_wconf 92' lang='lat' dir='ltr'><strong>res</strong></span> <span class='ocrx_word' id='word_1_69' title='bbox 1078 1151 1253 1217; x_wconf 82' lang='lat' dir='ltr'><strong>restibiliet.</strong></span> <span class='ocrx_word' id='word_1_70' title='bbox 1283 1190 1324 1200; x_wconf 89' lang='lat'><strong>—</strong></span> <span class='ocrx_word' id='word_1_71' title='bbox 1353 1152 1417 1218; x_wconf 86' lang='lat' dir='ltr'><strong>Sed</strong></span> 
     </span>
     <span class='ocr_line' id='line_1_9' title="bbox 293 1234 1416 1341; baseline 0.01 -30"><span class='ocrx_word' id='word_1_72' title='bbox 293 1248 361 1312; x_wconf 85' lang='lat' dir='ltr'><strong>eine</strong></span> <span class='ocrx_word' id='word_1_73' title='bbox 384 1247 480 1312; x_wconf 91' lang='lat' dir='ltr'><strong>dubio</strong></span> <span class='ocrx_word' id='word_1_74' title='bbox 503 1248 583 1314; x_wconf 92' lang='lat' dir='ltr'><strong>haec</strong></span> <span class='ocrx_word' id='word_1_75' title='bbox 606 1249 711 1314; x_wconf 90' lang='lat' dir='ltr'><strong>forma</strong></span> <span class='ocrx_word' id='word_1_76' title='bbox 733 1251 810 1315; x_wconf 89' lang='lat' dir='ltr'><strong>item</strong></span> <span class='ocrx_word' id='word_1_77' title='bbox 835 1257 869 1315; x_wconf 94' lang='lat' dir='ltr'><strong>ut</strong></span> <span class='ocrx_word' id='word_1_78' title='bbox 886 1234 1015 1317; x_wconf 48' lang='lat' dir='ltr'><strong>&#39;formae</strong></span> <span class='ocrx_word' id='word_1_79' title='bbox 1036 1273 1116 1334; x_wconf 76' lang='lat' dir='ltr'><strong>,saa</strong></span> <span class='ocrx_word' id='word_1_80' title='bbox 1140 1273 1186 1337; x_wconf 90' lang='lat' dir='ltr'><strong>sa,</strong></span> <span class='ocrx_word' id='word_1_81' title='bbox 1208 1260 1310 1341; x_wconf 71' lang='lat' dir='ltr'><strong>saml,</strong></span> <span class='ocrx_word' id='word_1_82' title='bbox 1332 1277 1416 1339; x_wconf 92' lang='lat' dir='ltr'><strong>quae</strong></span> 
     </span>
     <span class='ocr_line' id='line_1_10' title="bbox 292 1350 1415 1439; baseline 0.008 -25"><span class='ocrx_word' id='word_1_83' title='bbox 292 1350 384 1435; x_wconf 90' lang='lat' dir='ltr'><strong>ipsae</strong></span> <span class='ocrx_word' id='word_1_84' title='bbox 416 1371 541 1434; x_wconf 91' lang='lat' dir='ltr'><strong>quoque</strong></span> <span class='ocrx_word' id='word_1_85' title='bbox 571 1352 657 1435; x_wconf 90' lang='lat' dir='ltr'><strong>apud</strong></span> <span class='ocrx_word' id='word_1_86' title='bbox 688 1353 827 1418; x_wconf 81' lang='lat' dir='ltr'><strong>Ennium</strong></span> <span class='ocrx_word' id='word_1_87' title='bbox 857 1353 1072 1439; x_wconf 87' lang='lat' dir='ltr'><strong>inveniuntur,</strong></span> <span class='ocrx_word' id='word_1_88' title='bbox 1103 1357 1251 1422; x_wconf 90' lang='lat' dir='ltr'><strong>convenit</strong></span> <span class='ocrx_word' id='word_1_89' title='bbox 1281 1359 1415 1424; x_wconf 88' lang='lat' dir='ltr'><strong>sermoni</strong></span> 
     </span>
     <span class='ocr_line' id='line_1_11' title="bbox 228 1454 1318 1538; baseline 0.008 -21"><span class='ocrx_word' id='word_1_90' title='bbox 228 1463 230 1466; x_wconf 82' lang='grc'><strong>’</strong></span> <span class='ocrx_word' id='word_1_91' title='bbox 292 1454 384 1538; x_wconf 88' lang='lat' dir='ltr'><strong>epico</strong></span> <span class='ocrx_word' id='word_1_92' title='bbox 407 1459 438 1518; x_wconf 90' lang='grc' dir='ltr'><strong>θῖ</strong></span> <span class='ocrx_word' id='word_1_93' title='bbox 461 1454 583 1537; x_wconf 81' lang='lat' dir='ltr'><strong>tragico</strong></span> <span class='ocrx_word' id='word_1_94' title='bbox 606 1475 709 1537; x_wconf 91' lang='lat' dir='ltr'><strong>neque</strong></span> <span class='ocrx_word' id='word_1_95' title='bbox 732 1455 765 1520; x_wconf 92' lang='lat' dir='ltr'><strong>in</strong></span> <span class='ocrx_word' id='word_1_96' title='bbox 789 1456 989 1522; x_wconf 78' lang='lat' dir='ltr'><strong>comoediam</strong></span> <span class='ocrx_word' id='word_1_97' title='bbox 1012 1460 1237 1526; x_wconf 88' lang='lat' dir='ltr'><strong>transferenda</strong></span> <span class='ocrx_word' id='word_1_98' title='bbox 1260 1467 1318 1527; x_wconf 88' lang='lat' dir='ltr'><strong>est.</strong></span> 
     </span>
    </p>

    <p class='ocr_par' dir='ltr' id='par_1_3' title="bbox 291 1553 1420 2340">
     <span class='ocr_line' id='line_1_12' title="bbox 377 1553 1417 1646; baseline 0.011 -28"><span class='ocrx_word' id='word_1_99' title='bbox 377 1555 447 1620; x_wconf 89' lang='lat' dir='ltr'><strong>Hac</strong></span> <span class='ocrx_word' id='word_1_100' title='bbox 470 1553 510 1620; x_wconf 90' lang='lat' dir='ltr'><strong>de</strong></span> <span class='ocrx_word' id='word_1_101' title='bbox 533 1575 630 1620; x_wconf 88' lang='lat' dir='ltr'><strong>causa</strong></span> <span class='ocrx_word' id='word_1_102' title='bbox 653 1557 751 1621; x_wconf 91' lang='lat' dir='ltr'><strong>etiam</strong></span> <span class='ocrx_word' id='word_1_103' title='bbox 775 1558 878 1623; x_wconf 84' lang='lat' dir='ltr'><strong>forma</strong></span> <span class='ocrx_word' id='word_1_104' title='bbox 906 1565 1072 1643; x_wconf 85' lang='lat' dir='ltr'><strong>,sumpse“</strong></span> <span class='ocrx_word' id='word_1_105' title='bbox 1097 1581 1210 1643; x_wconf 88' lang='lat' dir='ltr'><strong>parum</strong></span> <span class='ocrx_word' id='word_1_106' title='bbox 1239 1562 1417 1646; x_wconf 89' lang='lat' dir='ltr'><strong>probabilis</strong></span> 
     </span>
     <span class='ocr_line' id='line_1_13' title="bbox 292 1656 1419 1743; baseline 0.008 -23"><span class='ocrx_word' id='word_1_107' title='bbox 292 1661 352 1738; x_wconf 91' lang='lat' dir='ltr'><strong>est,</strong></span> <span class='ocrx_word' id='word_1_108' title='bbox 383 1676 479 1738; x_wconf 90' lang='lat' dir='ltr'><strong>quam</strong></span> <span class='ocrx_word' id='word_1_109' title='bbox 503 1656 663 1740; x_wconf 82' lang='lat' dir='ltr'><strong>Bergkius</strong></span> <span class='ocrx_word' id='word_1_110' title='bbox 694 1660 843 1743; x_wconf 91' lang='lat' dir='ltr'><strong>proponit</strong></span> <span class='ocrx_word' id='word_1_111' title='bbox 870 1661 962 1724; x_wconf 86' lang='lat' dir='ltr'><strong>Truc.</strong></span> <span class='ocrx_word' id='word_1_112' title='bbox 988 1663 1054 1724; x_wconf 78' lang='lat'><strong>159.</strong></span> <span class='ocrx_word' id='word_1_113' title='bbox 1087 1660 1303 1728; x_wconf 68' lang='lat' dir='ltr'><strong>Concedo:</strong></span> <span class='ocrx_word' id='word_1_114' title='bbox 1334 1663 1419 1742; x_wconf 80' lang='lat' dir='ltr'><strong>Quia</strong></span> 
     </span>
     <span class='ocr_line' id='line_1_14' title="bbox 292 1758 1418 1846; baseline 0.008 -24"><span class='ocrx_word' id='word_1_115' title='bbox 292 1758 368 1840; x_wconf 91' lang='lat' dir='ltr'><strong>quia</strong></span> <span class='ocrx_word' id='word_1_116' title='bbox 398 1759 533 1823; x_wconf 89' lang='lat' dir='ltr'><strong>alterum</strong></span> <span class='ocrx_word' id='word_1_117' title='bbox 563 1760 688 1824; x_wconf 90' lang='lat' dir='ltr'><strong>incusat</strong></span> <span class='ocrx_word' id='word_1_118' title='bbox 717 1763 840 1846; x_wconf 86' lang='lat' dir='ltr'><strong>probri,</strong></span> <span class='ocrx_word' id='word_1_119' title='bbox 875 1763 1010 1846; x_wconf 88' lang='lat' dir='ltr'><strong>sumpsit</strong></span> <span class='ocrx_word' id='word_1_120' title='bbox 1044 1763 1173 1827; x_wconf 91' lang='lat' dir='ltr'><strong>seniteri</strong></span> <span class='ocrx_word' id='word_1_121' title='bbox 1203 1771 1335 1846; x_wconf 87' lang='lat' dir='ltr'><strong>oportet.</strong></span> <span class='ocrx_word' id='word_1_122' title='bbox 1379 1768 1418 1832; x_wconf 88' lang='lat' dir='ltr'><strong>L:</strong></span> 
     </span>
     <span class='ocr_line' id='line_1_15' title="bbox 296 1860 1420 1950; baseline 0.008 -25"><span class='ocrx_word' id='word_1_123' title='bbox 296 1861 392 1944; x_wconf 94' lang='lat' dir='ltr'><strong>,quia</strong></span> <span class='ocrx_word' id='word_1_124' title='bbox 416 1860 487 1944; x_wconf 90' lang='lat' dir='ltr'><strong>qui“</strong></span> <span class='ocrx_word' id='word_1_125' title='bbox 516 1881 569 1940; x_wconf 91' lang='lat' dir='ltr'><strong>„se</strong></span> <span class='ocrx_word' id='word_1_126' title='bbox 591 1863 696 1946; x_wconf 90' lang='lat' dir='ltr'><strong>ipsum</strong></span> <span class='ocrx_word' id='word_1_127' title='bbox 721 1865 867 1929; x_wconf 84' lang='lat' dir='ltr'><strong>intueri“.</strong></span> <span class='ocrx_word' id='word_1_128' title='bbox 912 1865 1042 1948; x_wconf 84' lang='lat' dir='ltr'><strong>Bergkii</strong></span> <span class='ocrx_word' id='word_1_129' title='bbox 1064 1865 1247 1930; x_wconf 88' lang='lat' dir='ltr'><strong>coniectura</strong></span> <span class='ocrx_word' id='word_1_130' title='bbox 1273 1886 1420 1950; x_wconf 88' lang='lat' dir='ltr'><strong>„sumpse</strong></span> 
     </span>
     <span class='ocr_line' id='line_1_16' title="bbox 292 1963 1418 2051; baseline 0.003 -22"><span class='ocrx_word' id='word_1_131' title='bbox 292 1964 427 2029; x_wconf 84' lang='lat' dir='ltr'><strong>enitere“</strong></span> <span class='ocrx_word' id='word_1_132' title='bbox 443 1963 595 2048; x_wconf 88' lang='lat' dir='ltr'><strong>probatur</strong></span> <span class='ocrx_word' id='word_1_133' title='bbox 606 1964 810 2044; x_wconf 89' lang='lat' dir='ltr'><strong>Buechelero‚</strong></span> <span class='ocrx_word' id='word_1_134' title='bbox 824 1965 991 2051; x_wconf 91' lang='lat' dir='ltr'><strong>Schoellio,</strong></span> <span class='ocrx_word' id='word_1_135' title='bbox 1004 1968 1117 2049; x_wconf 80' lang='lat' dir='ltr'><strong>Leoni3</strong></span> <span class='ocrx_word' id='word_1_136' title='bbox 1134 1976 1245 2031; x_wconf 89' lang='lat' dir='ltr'><strong>contra</strong></span> <span class='ocrx_word' id='word_1_137' title='bbox 1259 1968 1418 2050; x_wconf 84' lang='lat' dir='ltr'><strong>Bergkius</strong></span> 
     </span>
     <span class='ocr_line' id='line_1_17' title="bbox 291 2066 1417 2152; baseline 0.005 -22"><span class='ocrx_word' id='word_1_138' title='bbox 291 2068 361 2150; x_wconf 90' lang='lat' dir='ltr'><strong>ipse</strong></span> <span class='ocrx_word' id='word_1_139' title='bbox 384 2066 525 2151; x_wconf 86' lang='lat' dir='ltr'><strong>praefert</strong></span> <span class='ocrx_word' id='word_1_140' title='bbox 552 2067 674 2151; x_wconf 88' lang='lat' dir='ltr'><strong>,ipsum</strong></span> <span class='ocrx_word' id='word_1_141' title='bbox 700 2068 834 2134; x_wconf 84' lang='lat' dir='ltr'><strong>nitere“.</strong></span> <span class='ocrx_word' id='word_1_142' title='bbox 877 2069 1069 2152; x_wconf 84' lang='lat' dir='ltr'><strong>Spengelius</strong></span> <span class='ocrx_word' id='word_1_143' title='bbox 1092 2069 1211 2134; x_wconf 90' lang='lat' dir='ltr'><strong>codicis</strong></span> <span class='ocrx_word' id='word_1_144' title='bbox 1231 2070 1257 2134; x_wconf 90' lang='lat' dir='ltr'>L</span> <span class='ocrx_word' id='word_1_145' title='bbox 1281 2071 1417 2136; x_wconf 91' lang='lat' dir='ltr'><strong>lectione</strong></span> 
     </span>
     <span class='ocr_line' id='line_1_18' title="bbox 292 2170 1417 2258; baseline 0.004 -25"><span class='ocrx_word' id='word_1_146' title='bbox 292 2170 431 2235; x_wconf 88' lang='lat' dir='ltr'><strong>refutata</strong></span> <span class='ocrx_word' id='word_1_147' title='bbox 453 2170 564 2235; x_wconf 89' lang='lat' dir='ltr'><strong>scribit</strong></span> <span class='ocrx_word' id='word_1_148' title='bbox 590 2190 742 2256; x_wconf 90' lang='lat' dir='ltr'><strong>,eumpse</strong></span> <span class='ocrx_word' id='word_1_149' title='bbox 766 2191 881 2258; x_wconf 89' lang='lat' dir='ltr'><strong>sapere</strong></span> <span class='ocrx_word' id='word_1_150' title='bbox 905 2178 1057 2256; x_wconf 82' lang='lat' dir='ltr'><strong>oportet.“</strong></span> <span class='ocrx_word' id='word_1_151' title='bbox 1112 2173 1207 2238; x_wconf 81' lang='lat' dir='ltr'><strong>Certa</strong></span> <span class='ocrx_word' id='word_1_152' title='bbox 1236 2171 1417 2238; x_wconf 87' lang='lat' dir='ltr'><strong>emendatio</strong></span> 
     </span>
     <span class='ocr_line' id='line_1_19' title="bbox 292 2273 668 2340; baseline 0.008 -4"><span class='ocrx_word' id='word_1_153' title='bbox 292 2273 432 2338; x_wconf 90' lang='lat' dir='ltr'><strong>nondum</strong></span> <span class='ocrx_word' id='word_1_154' title='bbox 457 2274 589 2339; x_wconf 90' lang='lat' dir='ltr'><strong>inventa</strong></span> <span class='ocrx_word' id='word_1_155' title='bbox 612 2281 668 2340; x_wconf 89' lang='lat' dir='ltr'><strong>est.</strong></span> 
     </span>
    </p>

    <p class='ocr_par' dir='ltr' id='par_1_4' title="bbox 235 2376 1418 2770">
     <span class='ocr_line' id='line_1_20' title="bbox 376 2376 1418 2461; baseline 0.001 -21"><span class='ocrx_word' id='word_1_156' title='bbox 376 2376 476 2441; x_wconf 89' lang='lat' dir='ltr'><strong>Plane</strong></span> <span class='ocrx_word' id='word_1_157' title='bbox 517 2376 712 2441; x_wconf 90' lang='lat' dir='ltr'><strong>reiciendum</strong></span> <span class='ocrx_word' id='word_1_158' title='bbox 744 2383 794 2441; x_wconf 90' lang='lat' dir='ltr'><strong>est</strong></span> <span class='ocrx_word' id='word_1_159' title='bbox 827 2377 1016 2461; x_wconf 82' lang='lat' dir='ltr'><strong>,ipsipsus“,</strong></span> <span class='ocrx_word' id='word_1_160' title='bbox 1048 2377 1133 2459; x_wconf 88' lang='lat' dir='ltr'><strong>quod</strong></span> <span class='ocrx_word' id='word_1_161' title='bbox 1160 2377 1276 2460; x_wconf 82' lang='lat' dir='ltr'><strong>legitur</strong></span> <span class='ocrx_word' id='word_1_162' title='bbox 1302 2377 1335 2441; x_wconf 94' lang='lat' dir='ltr'><strong>in</strong></span> <span class='ocrx_word' id='word_1_163' title='bbox 1358 2377 1418 2441; x_wconf 90' lang='lat' dir='ltr'><strong>cod</strong></span> 
     </span>
     <span class='ocr_line' id='line_1_21' title="bbox 293 2478 1413 2564; baseline 0.002 -22"><span class='ocrx_word' id='word_1_164' title='bbox 293 2481 393 2561; x_wconf 86' lang='lat' dir='ltr'><strong>Lang.</strong></span> <span class='ocrx_word' id='word_1_165' title='bbox 417 2478 492 2544; x_wconf 84' lang='lat' dir='ltr'><strong>Cist.</strong></span> <span class='ocrx_word' id='word_1_166' title='bbox 509 2480 548 2560; x_wconf 95' lang='lat' dir='ltr'><strong>ll,</strong></span> <span class='ocrx_word' id='word_1_167' title='bbox 566 2481 592 2561; x_wconf 85' lang='lat'><strong>3,</strong></span> <span class='ocrx_word' id='word_1_168' title='bbox 610 2481 659 2563; x_wconf 86' lang='lat'><strong>58,</strong></span> <span class='ocrx_word' id='word_1_169' title='bbox 688 2479 742 2543; x_wconf 92' lang='lat' dir='ltr'><strong>ubi</strong></span> <span class='ocrx_word' id='word_1_170' title='bbox 772 2479 883 2563; x_wconf 90' lang='lat' dir='ltr'><strong>optimi</strong></span> <span class='ocrx_word' id='word_1_171' title='bbox 914 2479 1040 2544; x_wconf 91' lang='lat' dir='ltr'><strong>codices</strong></span> <span class='ocrx_word' id='word_1_172' title='bbox 1070 2478 1233 2544; x_wconf 84' lang='lat' dir='ltr'><strong>exhibent:</strong></span> <span class='ocrx_word' id='word_1_173' title='bbox 1266 2481 1296 2543; x_wconf 88' lang='lat' dir='ltr'><strong>ls</strong></span> <span class='ocrx_word' id='word_1_174' title='bbox 1323 2478 1413 2564; x_wconf 89' lang='lat' dir='ltr'><strong>ipsus</strong></span> 
     </span>
     <span class='ocr_line' id='line_1_22' title="bbox 291 2581 1413 2664; baseline 0 -18"><span class='ocrx_word' id='word_1_175' title='bbox 291 2587 348 2646; x_wconf 91' lang='lat' dir='ltr'><strong>est.</strong></span> <span class='ocrx_word' id='word_1_176' title='bbox 377 2581 493 2660; x_wconf 83' lang='lat' dir='ltr'><strong>choto,</strong></span> <span class='ocrx_word' id='word_1_177' title='bbox 517 2600 613 2664; x_wconf 91' lang='lat' dir='ltr'><strong>quam</strong></span> <span class='ocrx_word' id='word_1_178' title='bbox 637 2601 694 2645; x_wconf 85' lang='lat' dir='ltr'><strong>ros</strong></span> <span class='ocrx_word' id='word_1_179' title='bbox 712 2582 807 2664; x_wconf 87' lang='lat' dir='ltr'><strong>igitur</strong></span> <span class='ocrx_word' id='word_1_180' title='bbox 822 2581 921 2646; x_wconf 89' lang='lat' dir='ltr'><strong>liliam</strong></span> <span class='ocrx_word' id='word_1_181' title='bbox 938 2588 1010 2648; x_wconf 90' lang='lat' dir='ltr'><strong>cett.</strong></span> <span class='ocrx_word' id='word_1_182' title='bbox 1027 2619 1069 2628; x_wconf 89' lang='lat'><em>-</em></span> <span class='ocrx_word' id='word_1_183' title='bbox 1092 2581 1299 2648; x_wconf 83' lang='lat' dir='ltr'><strong>Camerarius</strong></span> <span class='ocrx_word' id='word_1_184' title='bbox 1315 2582 1413 2648; x_wconf 88' lang='lat' dir='ltr'><strong>etiam</strong></span> 
     </span>
     <span class='ocr_line' id='line_1_23' title="bbox 235 2683 1033 2770; baseline 0.003 -22"><span class='ocrx_word' id='word_1_185' title='bbox 235 2683 238 2688; x_wconf 78' lang='grc'><strong>’</strong></span> <span class='ocrx_word' id='word_1_186' title='bbox 291 2683 381 2749; x_wconf 82' lang='lat' dir='ltr'><strong>Truc.</strong></span> <span class='ocrx_word' id='word_1_187' title='bbox 402 2687 460 2747; x_wconf 85' lang='grc'><strong>123</strong></span> <span class='ocrx_word' id='word_1_188' title='bbox 484 2683 665 2750; x_wconf 91' lang='lat' dir='ltr'><strong>coniectura</strong></span> <span class='ocrx_word' id='word_1_189' title='bbox 691 2685 869 2769; x_wconf 83' lang='lat' dir='ltr'><strong>,ipsipsus“</strong></span> <span class='ocrx_word' id='word_1_190' title='bbox 896 2685 1033 2770; x_wconf 89' lang='lat' dir='ltr'><strong>scripsit.</strong></span> 
     </span>
    </p>

    <p class='ocr_par' dir='ltr' id='par_1_5' title="bbox 292 2785 1416 3181">
     <span class='ocr_line' id='line_1_24' title="bbox 381 2785 1416 2871; baseline 0.004 -23"><span class='ocrx_word' id='word_1_191' title='bbox 381 2785 549 2869; x_wconf 81' lang='lat' dir='ltr'><strong>,ipsemet“</strong></span> <span class='ocrx_word' id='word_1_192' title='bbox 580 2787 679 2852; x_wconf 90' lang='lat' dir='ltr'><strong>semel</strong></span> <span class='ocrx_word' id='word_1_193' title='bbox 706 2787 836 2870; x_wconf 82' lang='lat' dir='ltr'><strong>legitur:</strong></span> <span class='ocrx_word' id='word_1_194' title='bbox 860 2787 973 2870; x_wconf 87' lang='lat' dir='ltr'><strong>Amph.</strong></span> <span class='ocrx_word' id='word_1_195' title='bbox 992 2791 1050 2850; x_wconf 78' lang='lat'><strong>102</strong></span> <span class='ocrx_word' id='word_1_196' title='bbox 1074 2789 1106 2852; x_wconf 91' lang='lat' dir='ltr'><strong>ls</strong></span> <span class='ocrx_word' id='word_1_197' title='bbox 1129 2788 1316 2871; x_wconf 87' lang='lat' dir='ltr'><strong>priusquam</strong></span> <span class='ocrx_word' id='word_1_198' title='bbox 1341 2786 1416 2852; x_wconf 90' lang='lat' dir='ltr'><strong>hino</strong></span> 
     </span>
     <span class='ocr_line' id='line_1_25' title="bbox 293 2888 1413 2972; baseline 0.002 -20"><span class='ocrx_word' id='word_1_199' title='bbox 293 2889 373 2953; x_wconf 94' lang='lat' dir='ltr'><strong>abiit</strong></span> <span class='ocrx_word' id='word_1_200' title='bbox 401 2888 536 2972; x_wconf 88' lang='lat' dir='ltr'><strong>ipsemet</strong></span> <span class='ocrx_word' id='word_1_201' title='bbox 565 2889 597 2952; x_wconf 94' lang='lat' dir='ltr'><strong>in</strong></span> <span class='ocrx_word' id='word_1_202' title='bbox 628 2889 809 2956; x_wconf 85' lang='lat' dir='ltr'><strong>exercitum.</strong></span> <span class='ocrx_word' id='word_1_203' title='bbox 831 2927 874 2936; x_wconf 87' lang='lat'>-</span> <span class='ocrx_word' id='word_1_204' title='bbox 896 2888 1033 2955; x_wconf 92' lang='lat' dir='ltr'><strong>Omnino</strong></span> <span class='ocrx_word' id='word_1_205' title='bbox 1062 2889 1225 2954; x_wconf 87' lang='lat' dir='ltr'><strong>rarissime</strong></span> <span class='ocrx_word' id='word_1_206' title='bbox 1249 2891 1329 2954; x_wconf 89' lang='lat' dir='ltr'><strong>haec</strong></span> <span class='ocrx_word' id='word_1_207' title='bbox 1351 2911 1413 2954; x_wconf 86' lang='lat' dir='ltr'><strong>vox</strong></span> 
     </span>
     <span class='ocr_line' id='line_1_26' title="bbox 293 2990 1413 3078; baseline 0.002 -23"><span class='ocrx_word' id='word_1_208' title='bbox 293 2993 452 3058; x_wconf 91' lang='lat' dir='ltr'><strong>invenitur</strong></span> <span class='ocrx_word' id='word_1_209' title='bbox 467 2991 506 3057; x_wconf 89' lang='lat' dir='ltr'><strong>cf.</strong></span> <span class='ocrx_word' id='word_1_210' title='bbox 521 2990 631 3058; x_wconf 87' lang='lat' dir='ltr'><strong>Senee.</strong></span> <span class='ocrx_word' id='word_1_211' title='bbox 646 3011 695 3076; x_wconf 86' lang='lat' dir='ltr'><strong>ep.</strong></span> <span class='ocrx_word' id='word_1_212' title='bbox 714 2997 782 3070; x_wconf 85' lang='lat'><strong>117,</strong></span> <span class='ocrx_word' id='word_1_213' title='bbox 798 2995 837 3054; x_wconf 94' lang='grc'><strong>22</strong></span> <span class='ocrx_word' id='word_1_214' title='bbox 862 2992 1019 3078; x_wconf 81' lang='lat' dir='ltr'><strong>(Fickert)</strong></span> <span class='ocrx_word' id='word_1_215' title='bbox 1035 2999 1067 3058; x_wconf 89' lang='lat' dir='ltr'><strong>et</strong></span> <span class='ocrx_word' id='word_1_216' title='bbox 1083 2992 1147 3059; x_wconf 76' lang='lat' dir='ltr'><strong>dio.</strong></span> <span class='ocrx_word' id='word_1_217' title='bbox 1163 2993 1252 3060; x_wconf 89' lang='lat' dir='ltr'><strong>Verr.</strong></span> <span class='ocrx_word' id='word_1_218' title='bbox 1267 2994 1325 3075; x_wconf 94' lang='grc' dir='ltr'><strong>ΙΙΙ,</strong></span> <span class='ocrx_word' id='word_1_219' title='bbox 1344 2998 1370 3076; x_wconf 91' lang='lat' dir='ltr'><strong>l,</strong></span> <span class='ocrx_word' id='word_1_220' title='bbox 1386 2995 1413 3057; x_wconf 90' lang='grc'><strong>3.</strong></span> 
     </span>
     <span class='ocr_line' id='line_1_27' title="bbox 292 3095 1061 3181; baseline 0.003 -22"><span class='ocrx_word' id='word_1_221' title='bbox 292 3131 334 3143; x_wconf 89' lang='grc'>-</span> <span class='ocrx_word' id='word_1_222' title='bbox 357 3095 394 3160; x_wconf 89' lang='lat' dir='ltr'><strong>cf.</strong></span> <span class='ocrx_word' id='word_1_223' title='bbox 417 3095 627 3161; x_wconf 89' lang='lat' dir='ltr'><strong>Ruhnkenius</strong></span> <span class='ocrx_word' id='word_1_224' title='bbox 650 3096 692 3160; x_wconf 90' lang='lat' dir='ltr'><strong>ad</strong></span> <span class='ocrx_word' id='word_1_225' title='bbox 714 3097 827 3162; x_wconf 86' lang='lat' dir='ltr'><strong>Muret.</strong></span> <span class='ocrx_word' id='word_1_226' title='bbox 850 3116 934 3181; x_wconf 92' lang='lat' dir='ltr'><strong>oper.</strong></span> <span class='ocrx_word' id='word_1_227' title='bbox 951 3097 975 3177; x_wconf 91' lang='grc' dir='ltr'><strong>Ι,</strong></span> <span class='ocrx_word' id='word_1_228' title='bbox 991 3099 1061 3161; x_wconf 90' lang='grc'>221.</span> 
     </span>
    </p>

    <p class='ocr_par' dir='ltr' id='par_1_6' title="bbox 292 3196 1419 4192">
     <span class='ocr_line' id='line_1_28' title="bbox 379 3196 1418 3283; baseline -0.001 -21"><span class='ocrx_word' id='word_1_229' title='bbox 379 3200 452 3263; x_wconf 90' lang='lat' dir='ltr'><strong>loco</strong></span> <span class='ocrx_word' id='word_1_230' title='bbox 482 3199 616 3281; x_wconf 91' lang='lat' dir='ltr'><strong>comico,</strong></span> <span class='ocrx_word' id='word_1_231' title='bbox 646 3206 681 3263; x_wconf 94' lang='lat' dir='ltr'><strong>ut</strong></span> <span class='ocrx_word' id='word_1_232' title='bbox 712 3197 858 3283; x_wconf 90' lang='lat' dir='ltr'><strong>Pompeii</strong></span> <span class='ocrx_word' id='word_1_233' title='bbox 885 3198 1090 3282; x_wconf 83' lang='lat' dir='ltr'><strong>grammatici</strong></span> <span class='ocrx_word' id='word_1_234' title='bbox 1118 3198 1226 3263; x_wconf 91' lang='lat' dir='ltr'><strong>verbis</strong></span> <span class='ocrx_word' id='word_1_235' title='bbox 1256 3204 1327 3262; x_wconf 90' lang='lat' dir='ltr'><strong>utar</strong></span> <span class='ocrx_word' id='word_1_236' title='bbox 1349 3196 1418 3283; x_wconf 83' lang='lat' dir='ltr'><strong>(Gr.</strong></span> 
     </span>
     <span class='ocr_line' id='line_1_29' title="bbox 292 3301 1418 3386; baseline -0.003 -20"><span class='ocrx_word' id='word_1_237' title='bbox 292 3303 348 3367; x_wconf 90' lang='lat' dir='ltr'><strong>lat.</strong></span> <span class='ocrx_word' id='word_1_238' title='bbox 362 3301 397 3383; x_wconf 88' lang='lat' dir='ltr'><strong>V,</strong></span> <span class='ocrx_word' id='word_1_239' title='bbox 412 3301 494 3385; x_wconf 80' lang='lat'><strong>153),</strong></span> <span class='ocrx_word' id='word_1_240' title='bbox 510 3301 629 3366; x_wconf 89' lang='lat' dir='ltr'><strong>dictum</strong></span> <span class='ocrx_word' id='word_1_241' title='bbox 648 3308 696 3366; x_wconf 92' lang='lat' dir='ltr'><strong>est</strong></span> <span class='ocrx_word' id='word_1_242' title='bbox 710 3301 926 3385; x_wconf 80' lang='lat' dir='ltr'><strong>,ipsissimus“</strong></span> <span class='ocrx_word' id='word_1_243' title='bbox 945 3302 1032 3367; x_wconf 86' lang='lat' dir='ltr'><strong>Trin.</strong></span> <span class='ocrx_word' id='word_1_244' title='bbox 1048 3303 1123 3367; x_wconf 84' lang='lat'>958:</span> <span class='ocrx_word' id='word_1_245' title='bbox 1142 3301 1262 3386; x_wconf 75' lang='lat' dir='ltr'><strong>,Ipsus</strong></span> <span class='ocrx_word' id='word_1_246' title='bbox 1278 3301 1418 3383; x_wconf 91' lang='lat' dir='ltr'><strong>inquam,</strong></span> 
     </span>
     <span class='ocr_line' id='line_1_30' title="bbox 295 3403 1419 3488; baseline -0.003 -19"><span class='ocrx_word' id='word_1_247' title='bbox 295 3403 486 3469; x_wconf 84' lang='lat' dir='ltr'><strong>Charmides</strong></span> <span class='ocrx_word' id='word_1_248' title='bbox 508 3424 587 3469; x_wconf 89' lang='lat' dir='ltr'><strong>sum.</strong></span> <span class='ocrx_word' id='word_1_249' title='bbox 627 3404 710 3486; x_wconf 80' lang='lat' dir='ltr'><strong>llrgo</strong></span> <span class='ocrx_word' id='word_1_250' title='bbox 733 3403 914 3486; x_wconf 79' lang='lat' dir='ltr'><strong>ipsusne’s?</strong></span> <span class='ocrx_word' id='word_1_251' title='bbox 952 3403 1169 3488; x_wconf 51' lang='lat' dir='ltr'><strong>ipsissimum,</strong></span> <span class='ocrx_word' id='word_1_252' title='bbox 1189 3422 1286 3486; x_wconf 88' lang='lat' dir='ltr'><strong>quam</strong></span> <span class='ocrx_word' id='word_1_253' title='bbox 1309 3421 1419 3486; x_wconf 90' lang='lat' dir='ltr'><strong>super·</strong></span> 
     </span>
     <span class='ocr_line' id='line_1_31' title="bbox 293 3505 1417 3590; baseline -0.003 -18"><span class='ocrx_word' id='word_1_254' title='bbox 293 3507 385 3573; x_wconf 85' lang='lat' dir='ltr'><strong>lativi</strong></span> <span class='ocrx_word' id='word_1_255' title='bbox 407 3507 543 3571; x_wconf 86' lang='lat' dir='ltr'><strong>formam</strong></span> <span class='ocrx_word' id='word_1_256' title='bbox 567 3506 609 3570; x_wconf 90' lang='lat' dir='ltr'><strong>ab</strong></span> <span class='ocrx_word' id='word_1_257' title='bbox 625 3505 760 3570; x_wconf 86' lang='lat' dir='ltr'><strong>Afranio</strong></span> <span class='ocrx_word' id='word_1_258' title='bbox 777 3525 903 3589; x_wconf 90' lang='lat' dir='ltr'><strong>quoque</strong></span> <span class='ocrx_word' id='word_1_259' title='bbox 920 3512 1108 3590; x_wconf 90' lang='lat' dir='ltr'><strong>usurpatam</strong></span> <span class='ocrx_word' id='word_1_260' title='bbox 1125 3525 1195 3571; x_wconf 89' lang='lat' dir='ltr'><strong>esse</strong></span> <span class='ocrx_word' id='word_1_261' title='bbox 1211 3505 1297 3570; x_wconf 92' lang='lat' dir='ltr'><strong>idem</strong></span> <span class='ocrx_word' id='word_1_262' title='bbox 1312 3524 1417 3589; x_wconf 81' lang='lat' dir='ltr'><strong>gram·</strong></span> 
     </span>
     <span class='ocr_line' id='line_1_32' title="bbox 294 3599 1417 3692; baseline 0.001 -20"><span class='ocrx_word' id='word_1_263' title='bbox 294 3609 432 3673; x_wconf 83' lang='lat' dir='ltr'><strong>malicus</strong></span> <span class='ocrx_word' id='word_1_264' title='bbox 448 3608 539 3674; x_wconf 89' lang='lat' dir='ltr'><strong>tastis</strong></span> <span class='ocrx_word' id='word_1_265' title='bbox 555 3614 612 3673; x_wconf 87' lang='lat' dir='ltr'><strong>est.</strong></span> <span class='ocrx_word' id='word_1_266' title='bbox 640 3607 793 3674; x_wconf 88' lang='lat' dir='ltr'><strong>Similiter</strong></span> <span class='ocrx_word' id='word_1_267' title='bbox 809 3599 995 3687; x_wconf 81' lang='grc' dir='ltr'><strong><em>αὐτότατος</em></strong></span> <span class='ocrx_word' id='word_1_268' title='bbox 1011 3609 1184 3674; x_wconf 76' lang='lat' dir='ltr'><strong>formatum</strong></span> <span class='ocrx_word' id='word_1_269' title='bbox 1197 3613 1245 3673; x_wconf 89' lang='lat' dir='ltr'><strong>cst</strong></span> <span class='ocrx_word' id='word_1_270' title='bbox 1257 3606 1417 3692; x_wconf 88' lang='lat' dir='ltr'><strong>Aristoph.</strong></span> 
     </span>
     <span class='ocr_line' id='line_1_33' title="bbox 295 3709 1416 3796; baseline -0.003 -20"><span class='ocrx_word' id='word_1_271' title='bbox 295 3711 375 3777; x_wconf 89' lang='lat' dir='ltr'><strong>Plut.</strong></span> <span class='ocrx_word' id='word_1_272' title='bbox 392 3713 440 3778; x_wconf 81' lang='lat'><strong>83.</strong></span> <span class='ocrx_word' id='word_1_273' title='bbox 475 3747 512 3758; x_wconf 91' lang='lat'>-</span> <span class='ocrx_word' id='word_1_274' title='bbox 542 3711 717 3776; x_wconf 81' lang='lat' dir='ltr'><strong>Teuffelius</strong></span> <span class='ocrx_word' id='word_1_275' title='bbox 740 3710 866 3796; x_wconf 82' lang='lat' dir='ltr'><strong>(Gesch.</strong></span> <span class='ocrx_word' id='word_1_276' title='bbox 887 3712 916 3777; x_wconf 91' lang='lat' dir='ltr'><strong>d.</strong></span> <span class='ocrx_word' id='word_1_277' title='bbox 937 3717 1015 3777; x_wconf 77' lang='lat' dir='ltr'><strong>rom.</strong></span> <span class='ocrx_word' id='word_1_278' title='bbox 1035 3710 1110 3776; x_wconf 66' lang='grc' dir='ltr'><strong>ΙΙΙ.Ι</strong></span> <span class='ocrx_word' id='word_1_279' title='bbox 1133 3732 1163 3794; x_wconf 91' lang='lat' dir='ltr'><strong>p.</strong></span> <span class='ocrx_word' id='word_1_280' title='bbox 1181 3712 1252 3796; x_wconf 81' lang='lat'><strong>804,</strong></span> <span class='ocrx_word' id='word_1_281' title='bbox 1274 3713 1368 3776; x_wconf 87' lang='lat' dir='ltr'><strong>Aum.</strong></span> <span class='ocrx_word' id='word_1_282' title='bbox 1383 3709 1416 3794; x_wconf 93' lang='grc'><strong>2)</strong></span> 
     </span>
     <span class='ocr_line' id='line_1_34' title="bbox 294 3812 1415 3898; baseline -0.003 -19"><span class='ocrx_word' id='word_1_283' title='bbox 294 3814 464 3898; x_wconf 90' lang='lat' dir='ltr'><strong>contendit,</strong></span> <span class='ocrx_word' id='word_1_284' title='bbox 487 3820 599 3898; x_wconf 90' lang='lat' dir='ltr'><strong>postea</strong></span> <span class='ocrx_word' id='word_1_285' title='bbox 623 3814 725 3878; x_wconf 89' lang='lat' dir='ltr'><strong>altero</strong></span> <span class='ocrx_word' id='word_1_286' title='bbox 748 3813 799 3878; x_wconf 84' lang='lat' dir='ltr'><strong>vel</strong></span> <span class='ocrx_word' id='word_1_287' title='bbox 822 3814 914 3880; x_wconf 90' lang='lat' dir='ltr'><strong>tertio</strong></span> <span class='ocrx_word' id='word_1_288' title='bbox 937 3819 1010 3898; x_wconf 90' lang='lat' dir='ltr'><strong>post</strong></span> <span class='ocrx_word' id='word_1_289' title='bbox 1032 3812 1104 3879; x_wconf 85' lang='lat' dir='ltr'><strong>Ohr.</strong></span> <span class='ocrx_word' id='word_1_290' title='bbox 1126 3831 1155 3878; x_wconf 90' lang='lat' dir='ltr'><strong>n.</strong></span> <span class='ocrx_word' id='word_1_291' title='bbox 1179 3812 1316 3892; x_wconf 87' lang='lat' dir='ltr'><strong>saeculo,</strong></span> <span class='ocrx_word' id='word_1_292' title='bbox 1344 3831 1415 3876; x_wconf 91' lang='lat' dir='ltr'><strong>cum</strong></span> 
     </span>
     <span class='ocr_line' id='line_1_35' title="bbox 296 3914 1417 4000; baseline -0.002 -20"><span class='ocrx_word' id='word_1_293' title='bbox 296 3916 466 4000; x_wconf 92' lang='lat' dir='ltr'><strong>scriptores</strong></span> <span class='ocrx_word' id='word_1_294' title='bbox 488 3916 629 3981; x_wconf 87' lang='lat' dir='ltr'><strong>maxime</strong></span> <span class='ocrx_word' id='word_1_295' title='bbox 652 3915 794 3998; x_wconf 88' lang='lat' dir='ltr'><strong>antiquis</strong></span> <span class='ocrx_word' id='word_1_296' title='bbox 816 3916 948 3981; x_wconf 87' lang='lat' dir='ltr'><strong>vocibus</strong></span> <span class='ocrx_word' id='word_1_297' title='bbox 971 3914 1179 4000; x_wconf 86' lang='lat' dir='ltr'><strong>indulgerent,</strong></span> <span class='ocrx_word' id='word_1_298' title='bbox 1203 3914 1243 3980; x_wconf 88' lang='lat' dir='ltr'><strong>ab</strong></span> <span class='ocrx_word' id='word_1_299' title='bbox 1262 3935 1325 3979; x_wconf 93' lang='lat' dir='ltr'><strong>uno</strong></span> <span class='ocrx_word' id='word_1_300' title='bbox 1340 3915 1417 3979; x_wconf 88' lang='lat' dir='ltr'><strong>alte·</strong></span> 
     </span>
     <span class='ocr_line' id='line_1_36' title="bbox 295 4016 1417 4102; baseline -0.002 -20"><span class='ocrx_word' id='word_1_301' title='bbox 295 4037 371 4083; x_wconf 89' lang='lat' dir='ltr'><strong>rove</strong></span> <span class='ocrx_word' id='word_1_302' title='bbox 394 4025 580 4102; x_wconf 90' lang='lat' dir='ltr'><strong>usurpatam</strong></span> <span class='ocrx_word' id='word_1_303' title='bbox 612 4037 683 4084; x_wconf 91' lang='lat' dir='ltr'><strong>esse</strong></span> <span class='ocrx_word' id='word_1_304' title='bbox 712 4016 796 4082; x_wconf 87' lang='lat' dir='ltr'><strong>hanc</strong></span> <span class='ocrx_word' id='word_1_305' title='bbox 825 4038 937 4083; x_wconf 84' lang='lat' dir='ltr'><strong>vocem</strong></span> <span class='ocrx_word' id='word_1_306' title='bbox 968 4017 1066 4084; x_wconf 89' lang='lat' dir='ltr'><strong>etiam</strong></span> <span class='ocrx_word' id='word_1_307' title='bbox 1096 4018 1128 4082; x_wconf 92' lang='lat' dir='ltr'><strong>in</strong></span> <span class='ocrx_word' id='word_1_308' title='bbox 1157 4017 1242 4083; x_wconf 90' lang='lat' dir='ltr'><strong>seria</strong></span> <span class='ocrx_word' id='word_1_309' title='bbox 1264 4017 1417 4099; x_wconf 89' lang='lat' dir='ltr'><strong>oratioue,</strong></span> 
     </span>
     <span class='ocr_line' id='line_1_37' title="bbox 299 4120 905 4192; baseline -0.003 -4"><span class='ocrx_word' id='word_1_310' title='bbox 299 4120 350 4188; x_wconf 90' lang='lat' dir='ltr'><strong>ubi</strong></span> <span class='ocrx_word' id='word_1_311' title='bbox 373 4120 453 4192; x_wconf 91' lang='lat' dir='ltr'><strong>nihil</strong></span> <span class='ocrx_word' id='word_1_312' title='bbox 476 4120 574 4186; x_wconf 90' lang='lat' dir='ltr'><strong>iocosi</strong></span> <span class='ocrx_word' id='word_1_313' title='bbox 597 4120 722 4187; x_wconf 87' lang='lat' dir='ltr'><strong>efficere</strong></span> <span class='ocrx_word' id='word_1_314' title='bbox 746 4120 905 4186; x_wconf 88' lang='lat' dir='ltr'><strong>volebant.</strong></span> 
     </span>
    </p>
   </div>
   <div class='ocr_carea' id='block_1_3' title="bbox 705 4361 1008 4375">
    <p class='ocr_par' dir='ltr' id='par_1_7' title="bbox 705 4361 1008 4375">
     <span class='ocr_line' id='line_1_38' title="bbox 705 4361 1008 4375; baseline -0.01 0"><span class='ocrx_word' id='word_1_315' title='bbox 705 4361 1008 4375; x_wconf 61' lang='lat' dir='ltr'><strong>m</strong></span> 
     </span>
    </p>
   </div>
   <div class='ocr_carea' id='block_1_4' title="bbox 0 0 1594 4838">
    <p class='ocr_par' dir='ltr' id='par_1_8' title="bbox 0 0 1594 4838">
     <span class='ocr_line' id='line_1_39' title="bbox 0 0 1594 4838; baseline 0 0"><span class='ocrx_word' id='word_1_316' title='bbox 0 0 1594 4838; x_wconf 95' lang='lat' dir='ltr'><strong> </strong></span> 
     </span>
    </p>
   </div>
  </div>
 </body>
</html>
