3178 4838
675 1106 862 1182 VITA.

293 1367 399 1431 Natus
429 1385 499 1430 sum
530 1363 690 1431 Arnoldus
713 1362 891 1452 Guilelmus
913 1361 1107 1428 Niemoeller
1137 1360 1188 1428 die
1220 1364 1266 1428 16.
1289 1381 1330 1426 m.

206 1463 442 1531 8111111118θῖ
470 1465 502 1528 iu
525 1464 595 1528 vieo
618 1464 860 1548 Guestphalieo,
890 1463 940 1528 eui
968 1482 1083 1528 nomen
1115 1467 1165 1527 est
1188 1463 1331 1543 Wersen,

207 1576 300 1654 petre
315 1568 483 1634 Gerbsrde
498 1569 636 1633 Henrieu
652 1571 861 1653 preemeture
877 1572 978 1631 morte
994 1566 1071 1631 mihi
1086 1573 1204 1650 erepto,
1227 1571 1329 1630 matre
1411 1589 1413 1594 ·

189 1657 371 1736 'Christina
399 1690 418 1735 e
447 1677 541 1753 gente
564 1673 733 1752 Baeumer,
762 1689 860 1751 quam
890 1668 997 1734 adbuc
1025 1668 1228 1753 superstitem
1258 1687 1330 1734 esse

206 1772 303 1838 valde
341 1772 476 1855 gaudeo.
523 1761 615 1838 Fidei
652 1772 802 1837 addictus
841 1791 911 1837 sum
948 1771 1163 1853 evangelicae.
1212 1769 1330 1836 Primis

206 1874 382 1940 litterarum
413 1873 580 1938 elementis
609 1873 696 1937 dumi
727 1873 869 1938 imbutus
898 1871 1027 1938 sebolas
1059 1871 1141 1954 adii,
1180 1890 1263 1953 quae
1296 1871 1329 1936 in

205 1975 333 2060 oppidis
349 1975 611 2060 Westereappeln
634 1982 666 2040 et
688 1975 908 2040 Ibbenbuereu
931 1973 1052 2040 florent.
1097 1974 1180 2039 Vere
1201 1994 1230 2040 a„
1249 1974 1328 2037 1877

205 2078 239 2142 in
269 2075 413 2142 subolum
445 2079 629 2142 Portensem
661 2083 807 2160 reeeptus
843 2095 931 2159 sum,
967 2074 1052 2141 uude
1089 2095 1164 2141 vere
1193 2095 1222 2140 a.
1248 2077 1328 2139 1883

206 2179 399 2244 maturitatis
415 2178 596 2244 testimonie
612 2181 787 2244 instruetus
802 2178 948 2261 Lipsium
965 2197 1016 2243 me
1032 2179 1160 2244 contuli.
1203 2177 1329 2242 Deinde

135 2351 137 2354 ,
206 2280 329 2346 duobus
373 2282 581 2347 semestribus
625 2281 766 2366 peractis
803 2281 907 2346 Hales
947 2279 1177 2364 'transmigravi
1220 2279 1329 2362 ibique

208 2382 423 2449 universitatis
453 2384 532 2448 eivis
562 2385 608 2448 fui
638 2404 695 2468 per
725 2385 866 2467 quinque
897 2383 1072 2448 semestris.
1124 2384 1185 2448 Per
1221 2383 1329 2448 omnia

206 2485 328 2570 septem
344 2487 509 2551 semestris
525 2487 636 2551 audivi
652 2487 738 2551 virus
754 2486 971 2551 doctissimos:
993 2484 1217 2568 Biedermanu,
1232 2486 1329 2568 Brug-

206 2607 319 2666 msnn‚
348 2586 510 2667 Burdeeb,
540 2588 669 2672 Gellitz,
698 2588 839 2670 Curtius,
868 2587 1105 2670 Dittenberger‚
1135 2587 1329 2668 Duemmler,

206 2688 381 2770 Erdmann,
403 2687 528 2770 Frieke‚
550 2688 680 2772 Gering,
702 2689 819 2775 Haym,
842 2688 1052 2772 Hildebraud,
1066 2689 1178 2772 Hiber,
1193 2687 1328 2772 Kabnis,

204 2790 293 2873 Keil,
330 2790 456 2872 Lange,
494 2791 636 2874 Lipsius,
672 2791 828 2872 Ribbeck,
866 2791 1019 2871 Roseber,
1057 2791 1327 2871 Sehnedermenn,

206 2893 378 2975 Settegest,
395 2890 576 2975 Vsibinger,
595 2892 726 2959 Zaeber.
771 2893 813 2958 Ut
829 2882 1035 2959 societatibus
1050 2894 1328 2975 suisinteressem,
1364 2954 1367 2959 .

205 2994 342 3077 benigne
357 2996 569 3079 permiserunt
584 2994 713 3078 Ger-ing,
736 2995 819 3077 Keil,
835 2995 1161 3078 Veibiuge1·,Zaeher.
1204 2994 1328 3073 Quibus

207 3094 284 3158 viris
306 3098 461 3182 omnibus,
488 3097 646 3181 imprimis
673 3097 741 3164 viro
764 3097 978 3162 illustrissimo
1001 3097 1040 3163 H.
1056 3097 1163 3163 Keilio
1186 3099 1325 3182 gratiam

207 3195 311 3260 babeo
333 3216 429 3279 quam
453 3200 638 3266 maximam.
1044 3195 1046 3202 ’

613 3527 917 3536 --.-.-
