3178 4838
801 538 835 601 Β.

664 638 706 706 be
729 638 870 722 ucnclivo
892 639 970 724 sinp.

334 757 482 824 Genetivi
493 757 630 844 ,‚ipsius“
641 759 728 843 apud
741 759 891 823 Plautum
904 780 1000 824 unum
1013 761 1194 845 exemplum
1206 761 1389 826 invenitur:

256 861 346 944 Oapt.
363 861 433 942 287.
477 861 649 925 Praeterea
681 860 828 925 scribitur
859 859 940 925 baec
971 860 1073 926 forma
1098 862 1190 927 llere.
1207 861 1272 945 crgss
1287 863 1328 944 ΙΙ,
1350 865 1378 942 6,

256 969 303 1028 ter
341 963 429 1047 apud
459 964 659 1028 Terentium:
692 963 806 1028 Heaut.
831 967 901 1028 576.
945 961 1069 1030 Phorm.
1092 967 1162 1028 725.
1207 965 1283 1032 Heo.
1306 967 1377 1048 818,
1485 1026 1488 1033 .

256 1066 353 1131 semel
376 1065 463 1150 apud
486 1065 654 1130 Afranium
678 1067 749 1131 257.

341 1167 647 1244 Ceterumdubitari
663 1168 782 1251 nequit,
798 1167 874 1250 quin
891 1168 966 1232 olim
985 1169 1109 1234 formae
1123 1170 1266 1253 genetivi
1281 1171 1379 1254 „ipsi‘

255 1275 288 1334 et
310 1267 439 1353 ‚,ipsae“
460 1269 647 1334 exstiterint.
675 1305 719 1315 —
747 1269 897 1332 Formam
919 1269 1016 1354 „ipsi“
1039 1271 1222 1352 genetivum
1252 1290 1324 1337 esse
1345 1273 1379 1335 in

255 1371 380 1436 Afranii
395 1390 489 1436 versu
505 1371 665 1460 230„1psi
681 1391 732 1436 me
747 1371 829 1436 velle
844 1371 1035 1437 vestimenta
1051 1373 1174 1455 dicito“,
1195 1373 1378 1439 Priscianus

254 1475 346 1540 testis
368 1479 424 1538 est.
469 1474 575 1538 Minus
597 1475 684 1540 valet
700 1475 834 1539 alterum
850 1475 1065 1539 testimonium
1082 1475 1238 1553 (Gramm.
1254 1477 1309 1542 lat.
1325 1476 1379 1560 IV,

237 1580 325 1666 Ι547,
349 1575 411 1660 37),
441 1596 503 1658 quc
534 1575 637 1641 forma
667 1577 794 1661 „ipsae“
823 1577 938 1642 Plauto
975 1577 1135 1661 tribuitur,
1175 1567 1245 1644 oum
1283 1580 1378 1644 lectio
1445 1635 1446 1640 ,

254 1680 467 1745 incertissima
484 1680 534 1745 sit.
565 1679 694 1745 Similes
709 1681 842 1745 formas:
857 1680 943 1745 aliae
955 1711 995 1732 =
1007 1680 1101 1763 alius,
1115 1681 1195 1745 nulli
1208 1713 1249 1734 =
1260 1683 1379 1746 nullius

254 1788 324 1849 oett.
347 1782 477 1867 saepius
500 1782 636 1848 inveniri
655 1783 855 1848 notissimum
877 1776 935 1848 est.

684 2055 726 2123 be
749 2055 849 2122 dativo
872 2057 948 2138 sinu.

340 2174 450 2240 Dativi
478 2174 613 2239 formam
637 2193 764 2258 semper
785 2174 912 2240 codices
939 2171 1090 2239 exhibent
1119 2172 1225 2258 „ipsit
1247 2213 1290 2220 —
1312 2175 1377 2241 Sed

254 2278 356 2344 dativi
383 2297 509 2361 quoque
537 2277 659 2343 formas
686 2277 783 2361 ,‚ips0,
809 2277 917 2362 ipsae“
945 2276 1050 2342 Plauti
1079 2283 1111 2342 et
1134 2277 1274 2366 Terentii
1301 2285 1377 2343 tem·

253 2383 383 2467 poribus
413 2381 576 2447 exstitisse
605 2401 663 2464 pro
694 2386 779 2446 certo
810 2380 991 2446 habendum
1023 2385 1081 2444 est.
1125 2380 1242 2446 Forma
1273 2381 1379 2466 „ipso“

227 2530 230 2538 ·
254 2484 352 2551 semel
368 2485 407 2548 -in
429 2484 530 2549 literis
553 2481 679 2548 Latinis
701 2483 829 2566 legitur:
861 2483 954 2568 Apula
970 2482 1043 2548 Met.
1057 2483 1098 2566 X,
1117 2487 1155 2547 10
1184 2503 1223 2548 ac
1245 2503 1285 2550 ne
1307 2485 1378 2570 ipso

254 2588 382 2671 quidem
400 2586 576 2652 succumbit
590 2586 666 2670 igni.
710 2586 837 2671 „ipsae“
852 2592 960 2652 autem
975 2585 1157 2651 testimonie
1170 2585 1378 2652 Grammatici

253 2690 410 2774 (Gramm.
425 2690 481 2754 lat.
497 2689 551 2773 IV,
567 2689 637 2768 547,
653 2689 708 2774 37)
731 2689 878 2772 quamvis
899 2688 1019 2754 incerto
1043 2689 1253 2754 confirmatur.

341 2792 447 2858 Semel
477 2792 660 2857 coniectura
689 2791 793 2856 forma
821 2790 946 2875 „ipsae“
976 2790 1016 2854 ab
1039 2789 1189 2872 Ussingio
1220 2778 1377 2873 scribitur,

257 2893 312 2978 qui
335 2893 400 2960 Mil.
419 2897 499 2958 1220
523 2913 569 2976 sq.
590 2893 683 2977 legit:
710 2893 790 2958 Cum
818 2893 889 2977 ipso
917 2892 970 2976 pol
1000 2912 1068 2956 sum
1100 2891 1207 2956 locuta
1237 2892 1376 2974 Placide,

255 2996 347 3082 ipsae
379 2996 454 3061 dum
477 2996 644 3061 lubitumst
671 2993 758 3076 mihi,
788 2994 891 3059 otiose
921 3011 991 3058 mco
1022 2991 1186 3058 arbitratu.
1207 3029 1251 3041 -
1278 2992 1378 3060 Codd.

196 3141 198 3146 -
254 3099 369 3165 BCDld
391 3099 496 3183 ‚,ipse“
522 3097 548 3162 F
570 3097 687 3183 „ipsa“.
710 3133 753 3144 -
776 3095 840 3162 Sed
878 3095 1020 3179 Ussingii
1048 3094 1151 3172 lectio,
1181 3114 1376 3178 quamquam

254 3200 397 3286 proxime
425 3200 549 3265 accedit
579 3199 623 3263 ad
652 3199 821 3264 lectionem
851 3198 1043 3281 optimorum
1073 3195 1235 3277 codicum,
1268 3204 1377 3263 tamen

253 3302 415 3368 reicienda
442 3306 490 3367 est
519 3307 649 3387 propter
674 3300 862 3366 inusitatam
891 3297 1132 3364 collocationem
1155 3300 1377 3383 pronominum

253 3406 361 3489 ,ipsae
383 3403 488 3470 mihi“.
533 3404 681 3469 Ceterum
705 3402 805 3467 verba
826 3402 859 3467 in
883 3401 972 3468 codd.
995 3402 1042 3468 ita
1064 3407 1214 3486 corrupta
1237 3409 1317 3485 sunt,
1345 3408 1379 3466 ut

254 3514 342 3572 certa
365 3506 546 3572 coniectura
567 3503 731 3571 emendari
753 3509 923 3587 nequeant.

338 3730 375 3793 In
402 3727 585 3794 accusativo
614 3727 694 3809 sing.
717 3746 814 3792 masc.
837 3732 868 3792 et
894 3726 975 3808 fem,
1008 3726 1040 3790 in
1072 3724 1270 3790 nominativo
1298 3724 1377 3808 sing.

253 3832 335 3911 fem,
361 3831 394 3895 in
423 3828 566 3896 ablativo
593 3828 674 3911 sing.
699 3834 823 3920 constat
844 3828 1003 3913 duplicem
1027 3827 1059 3891 in
1082 3847 1141 3892 usu
1163 3826 1261 3891 fuisse
1284 3823 1378 3892 decli-

254 3935 415 3999 nationem
454 3929 662 4016 pronominis:
707 3930 848 4014 ‚,ipsum“
884 3937 916 4000 et
951 3929 1126 4014 „eampse“,
1170 3927 1309 4011 „ipsam“
1345 3934 1377 3992 et

254 4037 429 4121 „eampse“,
464 4033 572 4119 „ipsa“
608 4040 641 4099 et
678 4033 819 4118 „eapse“,
862 4031 968 4116 ‚,ipso“
1007 4039 1039 4097 et
1075 4031 1215 4115 „eopse“.
1272 4029 1377 4114 Saepe

254 4139 458 4204 inveniuntur
468 4137 588 4202 formae
599 4136 731 4201 rarioris
742 4134 964 4201 declinationis
976 4133 1063 4218 apud
1075 4134 1234 4216 Plautum,
1248 4133 1377 4217 saepius

254 4250 362 4307 tamen
378 4241 472 4306 certis
487 4239 677 4306 coniecturis
692 4239 780 4323 apud
797 4238 946 4303 Plautum
961 4237 1127 4302 restitutae
1142 4239 1227 4300 sunt.
1269 4232 1375 4300 Etiam

256 4345 414 4411 Pacuvius
446 4351 477 4409 et
509 4342 668 4409 Caecilius
701 4342 750 4406 his
784 4341 894 4405 formis
929 4339 976 4403 usi
1011 4343 1095 4403 sunt.
1140 4337 1260 4402 (lontio
1290 4337 1376 4423 apud
