3178 4838
1249 351 1288 414 33

165 529 278 612 ipsum,
302 526 362 589 893
386 529 453 588 1616
475 521 553 606 ipse.
598 521 790 587 Η6661.116
814 518 985 608 seipsum,
1020 521 1079 586 166
1102 539 1154 584 66
1175 518 1289 603 ipsum,
1336 585 1339 592 ,

167 632 228 694 622
251 635 282 693 16
296 628 400 713 ipsum
418 656 460 680 =
476 628 547 707 844,
571 627 633 688 969
656 630 688 690 16
703 625 774 708 ipso
789 622 914 689 herede.
945 620 1072 688 Phorm.
1088 623 1149 684 122
1165 626 1290 686 666661

166 732 263 817 ipsos,
284 735 346 796 472
369 737 400 796 16
423 730 537 814 ipsum.
577 727 653 794 Hee.
669 729 731 790 260
755 747 790 792 66
812 726 928 811 ipsum,
952 726 1014 790 692
1037 731 1069 790 16
1091 725 1204 809 ipsum,
1227 725 1289 788 748

166 840 197 900 16
219 834 333 918 ipsam,
357 835 418 897 784
445 836 497 911 ,16
513 831 600 915 ipse“
627 831 678 896 vel
705 834 790 909 ,tute
805 827 905 913 ipse“,
927 829 965 892 61.
987 849 1017 910 p.
1036 830 1084 910 11,
1107 829 1164 890 861
1190 827 1223 891 16
1240 846 1290 893 66

165 936 244 1021 ipso.
288 934 424 1019 Adelph.
447 937 486 998 81
518 938 549 998 16
579 934 685 1018 ipsum
707 962 749 986 =
772 933 833 995 266
857 961 899 984 ==
922 931 995 1013 608,
1025 931 1083 993 321
1114 933 1145 994 16
1174 929 1291 1014 ipsam.

164 1037 552 1105 Praetereundum
582 1041 614 1100 16
644 1035 688 1099 61
718 1035 824 1118 ipsum
855 1033 1021 1116 (omissum
1051 1036 1101 1097 est
1131 1032 1211 1110 ,mi“
1238 1031 1290 1102 661

170 1140 284 1220 ,mihi“
310 1141 343 1203 in
367 1138 434 1202 eod.
450 1138 500 1218 A).
533 1138 610 1201 Hee.
626 1139 688 1200 266
716 1143 747 1201 16
770 1135 876 1218 judiee
900 1136 980 1219 ipso.
1023 1133 1159 1218 Adelph.
1175 1137 1235 1198 461
1260 1139 1291 1198 16

167 1241 366 1325 quaerebam
389 1240 504 1324 ipsum,
527 1242 589 1302 690
613 1245 644 1303 16
668 1237 710 1302 61
733 1239 848 1322 ipsum.

255 1343 329 1407 Non
351 1349 436 1407 reete
459 1340 592 1404 offendit
614 1339 746 1406 Reinius
769 1361 800 1424 p.
815 1344 852 1403 61
879 1340 912 1404 16
935 1339 1046 1404 ordine
1069 1340 1291 1423 pronominum

172 1453 222 1526 ,te
245 1437 288 1509 61
304 1444 438 1528 ipsum¹‘:
463 1444 579 1508 Heaut.
597 1445 657 1506 768
674 1450 705 1507 61
720 1443 856 1527 Adelph.
872 1445 943 1508 690.
966 1475 969 1482 ·
988 1440 1184 1526 Saepissime
1207 1445 1292 1508 enim

168 1548 376 1614 inveniuntur
387 1545 577 1631 pronomina
590 1546 785 1630 personalia,
800 1546 957 1630 imprimis
969 1545 1159 1630 pronomina
1168 1547 1293 1629 primae

169 1658 335 1736 personae,
366 1648 554 1733 interposita
583 1649 666 1714 inter
696 1648 759 1712 duo
792 1647 949 1713 voeabula
972 1648 1131 1714 artissime
1154 1649 1236 1714 inter
1258 1669 1293 1714 66

170 1751 383 1834 cohaerentia,
411 1751 497 1833 quod
519 1752 634 1836 paneis
657 1749 815 1833 exemplis
846 1749 1031 1815 confirmare
1057 1749 1169 1816 lineat:
1201 1751 1294 1817 Mero.

171 1856 233 1917 642
264 1851 346 1917 1666
377 1873 427 1918 66
458 1853 553 1918 diem.
605 1853 730 1918 Phorm.
754 1853 813 1915 184
845 1852 997 1936 temporis
1027 1851 1104 1916 mihi
1134 1859 1294 1937 punetnm.

170 1955 261 2021 Most.
277 1959 338 2018 406
372 1954 467 2020 16666
495 1973 556 2036 ego
587 1953 687 2020 aedis.
739 1953 819 2018 Eun.
840 1956 900 2017 363
931 1954 1085 2036 numquid
1116 1975 1167 2019 me
1196 1956 1293 2020 aliud.

171 2058 249 2124 Hee.
265 2061 327 2120 670
351 2057 410 2121 166
432 2056 597 2120 616666.
642 2057 736 2121 Mero.
752 2060 812 2118 477
830 2057 938 2120 66616
953 2075 1018 2140 ego.
1028 2057 1129 2120 161666
1143 2056 1195 2141 (ef.
1209 2059 1294 2122 Trin.

169 2163 231 2224 066
255 2167 286 2225 61
302 2159 383 2224 Rud.
397 2163 478 2222 1100
494 2157 627 2242 016616).
658 2156 770 2241 Amph.
785 2161 845 2220 626
867 2177 907 2222 66
922 2157 980 2223 tibi
998 2158 1113 2222 omnia.
1144 2159 1219 2224 Heo.
1233 2163 1295 2224 364

169 2282 235 2344 qua
248 2281 300 2328 me
323 2267 461 2345 propter.
507 2259 645 2342 Saepius
660 2259 796 2324 ooourrit
811 2261 912 2343 „idem
937 2280 995 2344 ego
1019 2262 1125 2339 istuo“,
1149 2262 1188 2327 ef.
1203 2265 1233 2346 p.
1246 2267 1295 2329 47.

259 2361 395 2447 Adelph.
411 2363 473 2426 628
503 2367 590 2426 reete
620 2361 666 2426 ita
696 2362 795 2428 verba
826 2362 972 2428 distinxit
994 2363 1138 2428 Reinius:
1161 2365 1296 2446 Egomet

172 2467 266 2551 rapui
288 2466 372 2549 ipse,
395 2470 520 2548 egomet
543 2466 624 2529 solvi
640 2471 822 2550 argentum3
845 2465 889 2530 ad
906 2486 956 2531 66
972 2465 1144 2532 abductast
1159 2467 1297 2532 domurn.

172 2573 215 2614 —'
237 2567 343 2633 Antea
366 2566 663 2650 interpungebatur:
686 2569 822 2652 Egomet
845 2568 952 2651 rapui3
983 2568 1053 2652 ipse
1076 2575 1201 2651 egomet
1224 2575 1296 2636 6611.

257 2671 339 2736 Eun.
351 2672 412 2733 666
430 2672 470 2734 A:
488 2669 567 2734 066
580 2671 684 2754 ipsum
698 2691 747 2734 me
760 2670 856 2753 noris,
869 2688 966 2752 qnam
979 2669 1110 2754 elegans
1123 2672 1296 2744 formarum

173 2778 333 2857 spectator
363 2771 451 2839 6166.
496 2772 603 2838 (lateri
634 2773 736 2838 codd:
767 2794 819 2839 me
847 2772 961 2856 ipsum.
993 2809 1033 2818 -
1065 2773 1144 2838 066
1175 2793 1296 2838 oonexn

172 2876 399 2942 sententiarum
416 2874 521 2940 forma
537 2876 727 2941 nominativi
745 2875 969 2959 postularetur,
985 2876 1148 2941 Bentleius
1164 2876 1297 2941 oonieoit

172 2999 241 3061 „me
262 2979 359 3062 ipset‘.
403 2978 534 3043 Rectius
557 2977 626 3042 6166
649 2977 744 3042 dubio
768 2977 824 3042 6111
847 2999 867 3042 6
890 2977 1027 3044 16611666
1049 2978 1167 3043 eodieis
1183 2979 1210 3043 A
1226 2999 1297 3062 pro-

173 3081 248 3143 16611
271 3080 478 3164 seripserunt:
503 3079 582 3144 066
607 3079 696 3162 ipsus
720 3099 771 3144 me
792 3079 880 3143 noris
903 3086 973 3144 eett
1000 3077 1002 3082 ’

260 3230 404 3296 Eandem
420 3233 523 3314 legem
540 3237 716 3314 sequuntur
732 3230 831 3296 etiam
847 3230 941 3295 haee:
965 3231 1045 3295 Attii
1066 3250 1093 3293 v.
1111 3233 1180 3309 372,
1203 3251 1297 3314 quem

175 3330 377 3396 Ribbeekius
396 3333 441 3396 616
463 3334 607 3399 exhibet:
630 3334 723 3412 Quae
745 3333 906 3413 subsistat,
935 3332 1027 3397 modo
1051 3339 1118 3398 tute
1140 3334 1210 3418 ipse
1234 3339 1297 3399 tete

175 3433 300 3498 offirma
316 3441 347 3498 61
363 3454 526 3519 eompara,
540 3436 635 3501 Ennii
647 3457 677 3503 v.
689 3439 764 3500 293:
780 3442 812 3501 te
827 3435 930 3521 ipsum
948 3435 1007 3499 hoe
1022 3441 1145 3520 oportet
1160 3435 1299 3519 profiteri

136 3599 138 3604 .
174 3542 206 3600 et
228 3536 374 3620 proloqui
393 3536 484 3620 (Lno.
499 3536 672 3602 Muellerus
694 3540 749 3603 vix
772 3545 858 3603 reete
881 3538 1000 3620 cogitat
1022 3538 1063 3603 de
1079 3539 1299 3603 ooninnotione

175 3639 395 3722 pronominum
419 3638 541 3722 „ipsum
564 3639 661 3722 hoe“),
692 3641 787 3706 Ennii
818 3641 851 3704 in
875 3641 1035 3708 Praetext.
1051 3642 1117 3706 rell.
1131 3661 1204 3724 pag.
1221 3643 1297 3704 279;

175 3742 262 3806 Bene
285 3759 403 3822 mones,
425 3749 491 3807 tute
513 3740 583 3826 ipse
606 3747 737 3806 6666166
759 3748 866 3808 eauto:
888 3742 963 3810 vide
984 3743 1098 3810 fortem
1122 3743 1233 3809 virum.

261 3997 340 4062 066
364 3997 552 4080 pronomine
574 3995 656 4079 „is“
683 3996 883 4082 coniungitur
905 3997 1009 4083 „ipse“
1036 3997 1124 4082 apud
1148 3997 1298 4062 Plautum

176 4099 227 4166 his
241 4095 333 4165 loeis:
357 4099 451 4184 Capt.
467 4101 528 4164 680
544 4099 573 4165 16
589 4106 637 4179 661
653 4119 761 4166 servos
781 4101 859 4184 ipse.
891 4100 967 4165 0161.
983 4101 1023 4181 ll,
1040 4101 1067 4182 3,
1084 4097 1123 4163 68
1147 4102 1175 4165 16
1189 4100 1301 4185 ipsust.

175 4202 268 4286 Epid.
285 4204 345 4266 487
369 4202 398 4266 16
420 4202 498 4287 ipse.
542 4201 637 4267 Stioh.
654 4205 715 4266 662
739 4203 767 4268 16
790 4203 867 4288 ipse.
912 4202 999 4267 Trio.
1015 4205 1075 4266 433
1104 4203 1132 4267 16
1161 4202 1301 4269 herclest

176 4305 275 4389 ipsus,
297 4305 359 4368 986
383 4306 411 4370 16
433 4326 492 4389 ego
516 4326 584 4370 sum
608 4305 697 4389 ipsus
718 4304 916 4384 Charmides,
940 4307 1000 4368 987
1025 4306 1053 4370 16
1074 4305 1163 4389 ipsus
1186 4305 1273 4371 ne’s?

1082 4427 1096 4478 3
