3178 4838
270 295 310 353 52

230 466 234 471 ’
269 461 344 544 ferri
375 462 485 546 possit,
515 468 599 526 certe
622 461 820 545 probandum
843 466 900 542 est,
931 461 1015 544 quod
1046 462 1142 544 vulgo
1172 483 1242 526 cum
1267 463 1389 527 Mureto

269 563 384 648 legitur
406 583 483 648 „ego
505 563 608 629 item“.
1118 637 1120 642 ,

355 666 462 732 Semel
477 665 638 730 invenitur
652 671 703 748 ,nt
714 679 725 731 ’.
740 715 747 731 .
763 716 769 730 .
792 664 896 731 idem“
912 666 999 750 apud
1015 666 1211 732 Terentium:
1234 667 1309 732 Hco.
1327 671 1388 731 544

270 769 335 851 Sed
359 774 393 833 ut
415 767 491 832 olim
513 776 543 833 te
566 767 742 846 ostendisti,
765 767 879 833 cadem
901 788 973 832 esse
996 767 1041 831 nil
1063 768 1236 832 cessavisti.

269 891 272 928 1
312 949 314 953 Ι
354 870 461 936 Semel
484 870 568 955 apud
588 871 735 935 Plautum
758 875 791 934 et
807 870 905 936 semel
928 869 1013 954 apud
1030 871 1214 936 Terentium
1230 871 1389 936 invenitur

269 973 371 1056 „idem
409 974 538 1055 atque“:
568 973 660 1039 Most.
676 974 768 1053 22044
805 972 951 1037 Eundem
980 973 1122 1037 animum
1153 979 1275 1056 oportet
1305 994 1388 1038 nunc

270 1074 348 1140 mibi
363 1094 443 1157 esse,
465 1079 590 1158 gratum
607 1081 641 1139 ut
656 1073 835 1159 impetravi,
858 1075 963 1155 Atque
987 1074 1060 1138 olim
1083 1079 1154 1143 cett.
1199 1074 1311 1140 Heaut.
1326 1078 1386 1139 235

263 1180 358 1243 Nam·
378 1183 410 1242 et
433 1178 531 1243 vitast
553 1178 667 1244 eadem
689 1181 721 1242 et
743 1177 868 1242 animus
890 1182 923 1242 te
946 1197 1024 1260 erga
1046 1177 1132 1242 idem
1156 1197 1194 1243 ae
1215 1177 1284 1242 fuit.

812 1368 848 1432 B.

357 1489 491 1554 Perraro
514 1487 674 1552 invenitur
696 1479 883 1570 adverbium
900 1487 1060 1569 „eodem“:
1081 1488 1168 1554 Arin.
1188 1489 1255 1554 139.
1300 1489 1391 1555 Gurc.

272 1594 345 1673 506;
373 1595 542 1674 praetcrea
565 1590 658 1654 Mero.
673 1591 748 1652 674:
775 1595 807 1652 et
829 1589 940 1654 codem
964 1589 1086 1654 accedit
1108 1589 1255 1668 servitus,
1285 1591 1391 1673 sudor,

271 1694 364 1758 sitis·
393 1691 586 1783 Ritscbelius
625 1691 733 1755 scribit
770 1711 824 1772 „eo
863 1692 928 1756 iam
966 1692 1116 1774 aceedit“,
1154 1692 1210 1756 sed
1241 1692 1392 1757 Goetzius

270 1794 414 1860 codicum
437 1794 626 1878 scripturam
650 1793 773 1858 retinet
794 1830 836 1840 —
859 1791 921 1856 Vix
944 1792 1102 1876 genuinus
1131 1799 1179 1858 est
1201 1794 1277 1858 Hee.
1292 1815 1321 1862 v.
1338 1798 1390 1860 34:

272 1895 463 1962 Funambuli
487 1895 599 1961 eodem
622 1894 760 1960 accessit
782 1895 988 1978 exspectatio.

356 1997 553 2081 Saepissime
576 1997 664 2080 apud
679 1997 828 2061 Plautum
851 1995 1036 2062 adverbium
1058 1998 1207 2082 „eadem“
1224 1995 1397 2064 invenitur}

272 2102 338 2168 Sed
360 2122 440 2185 opus
463 2109 512 2166 est
534 2101 642 2166 omnia
664 2102 814 2186 exempla
835 2100 1030 2168 describere:
1059 2102 1151 2186 Oapt.
1166 2104 1228 2166 293
1252 2103 1390 2186 Sequere

272 2206 334 2270 bae
356 2224 407 2269 me
428 2204 539 2287 igitur:
569 2205 682 2269 eadem
714 2223 774 2287 ego
805 2223 845 2268 cx
874 2204 941 2286 boc,
974 2223 1057 2287 quae
1081 2205 1161 2288 volo,
1188 2206 1391 2290 exquisivere

273 2309 438 2394 (Imperat.
454 2307 523 2372 Fut.
540 2307 594 2391 ΙΙ).
626 2306 739 2372 Bacch.
754 2308 850 2392 48ll9
866 2307 981 2373 sedens
996 2308 1039 2372 ibi
1056 2307 1255 2392 opperibere:
1278 2309 1390 2374 cadem

273 2411 406 2498 biberis,
443 2410 556 2474 eadem
594 2408 712 2474 dedero
749 2409 863 2495 (real
898 2411 968 2475 Fut.
984 2409 1036 2495 ΙΙ).
1085 2410 1149 2477 ΜΙΙ.
1165 2413 1226 2474 303
1264 2411 1324 2476 Hie
1361 2419 1392 2476 te

273 2514 435 2599 opperiar:
458 2511 571 2578 cadem
594 2512 641 2578 illi
658 2513 795 2576 insidias
810 2513 894 2578 dabo
909 2512 1023 2597 (Futl
1038 2513 1108 2577 Fut.
1122 2513 1157 2599 Ι).
1187 2514 1281 2581 Mero.
1294 2515 1390 2594 84442
1434 2520 1437 2527 “

273 2617 390 2682 lubeas
420 2617 447 2680 si
477 2616 589 2700 sapias
619 2615 700 2680 haec
729 2614 803 2678 hino
823 2617 907 2678 intro
936 2615 1102 2680 auferrier:
1133 2616 1256 2680 Eadem
1285 2616 1392 2681 licebit
1422 2605 1426 2614 ’

273 2718 449 2802 (conlucet.
465 2718 539 2783 iuss.
554 2718 624 2781 Fut.
635 2717 674 2798 Ι).
717 2716 832 2782 Pseud.
849 2719 910 2780 332
926 2736 972 2798 sq.
991 2717 1111 2782 Lanios
1132 2719 1207 2782 inde
1230 2737 1391 2783 accersam

273 2821 335 2884 duo
364 2840 436 2884 cnm
466 2819 701 2884 tintinnabulis:
735 2819 857 2884 Eadem
890 2820 952 2883 duo
981 2839 1095 2902 greges
1124 2821 1288 2903 virgarum
1317 2820 1393 2886 inde

273 2923 450 2986 ulmearum
486 2921 623 3003 adegero
654 2920 769 3004 (Futl
798 2907 940 3004 44414).
990 2921 1086 2987 Ρ444.
1101 2924 1161 2985 617
1187 2942 1232 3004 sq.
1260 2923 1392 2989 Interibi

273 3024 435 3090 attulerint
457 3029 531 3090 exta
553 3030 649 3107 atque
665 3024 779 3089 eadem
801 3025 949 3090 mulieres
970 3025 1040 3090 Iam
1057 3025 1097 3089 ab
1121 3025 1280 3090 redivina
1296 3026 1392 3090 oredo

273 3126 474 3212 apparebunt
511 3125 596 3190 domi
627 3126 711 3211 (Fut.
726 3128 758 3190 ΙΙ
787 3126 858 3194 Fut.
876 3125 912 3211 1).
963 3128 1058 3191 Poen.
1075 3129 1136 3191 718
1159 3147 1204 3210 sq.
1220 3177 1227 3192 .
1244 3177 1273 3192 ..
1303 3127 1392 3192 fabu-

273 3230 419 3295 labimur.
464 3229 585 3292 Eadem
602 3229 738 3292 narrabo
755 3229 812 3293 tibi
836 3250 886 3293 res
903 3229 1115 3312 Spartiaticas
1130 3229 1215 3313 (Fut.
1232 3231 1246 3294 Ι
1269 3230 1338 3295 Fut.
1355 3230 1393 3315 Ι).

273 3334 361 3397 Pers.
377 3335 436 3394 444
454 3349 500 3412 sq.
523 3330 583 3395 Abi
607 3331 687 3395 istae
710 3331 862 3394 travorsis
878 3331 1057 3414 angiportis
1072 3332 1115 3395 ad
1131 3333 1248 3396 sorum:
1271 3331 1392 3397 Eadem

275 3437 377 3500 istaec
399 3432 496 3498 facito
512 3432 674 3518 (Imperat.
698 3432 871 3517 Imperat).
916 3432 1013 3499 Stich.
1030 3437 1088 3496 437
1114 3455 1160 3516 sq.
1182 3435 1225 3499 ad
1255 3435 1393 3499 amicam

273 3538 415 3604 transibo
433 3556 548 3618 meam,
562 3535 606 3600 Mi
621 3535 703 3602 bane
718 3541 908 3619 occupatum
924 3542 1061 3622 noctem;
1084 3537 1197 3602 eadem
1213 3538 1392 3622 symbolam

274 3641 358 3706 dabo
382 3640 495 3724 (Futl
518 3639 587 3702 Fut.
602 3639 640 3719 Ι).
684 3639 769 3703 Trin.
786 3642 845 3702 577
870 3640 946 3720 sq.I
969 3638 1038 3719 hac,
1060 3639 1246 3722 Lesbonico,
1268 3659 1391 3705 mecum

275 3750 308 3809 ut
339 3761 446 3807 coram
476 3739 595 3824 nuptiis
623 3739 701 3804 Dies
732 3742 955 3805 constituatur:
983 3741 1096 3805 cadem
1127 3741 1206 3806 haee
1229 3741 1391 3806 confirma·

275 3845 378 3910 bimus
400 3843 564 3927 (Imperat
581 3842 650 3906 Fut.
668 3842 706 3926 Ι).

359 3946 412 4010 Sic
442 3965 568 4028 quoque
597 3943 689 4028 Epid.
704 3946 765 4007 663
798 3944 948 4026 „eadem“
978 3944 1164 4009 adverbium
1196 3965 1267 4011 esse
1299 3949 1391 4030 puto;

273 4049 402 4132 legitur:
433 4049 494 4110 642
517 4068 563 4129 sq.
587 4035 747 4112 Remeabo
783 4046 866 4111 intro
900 4052 935 4110 nt
965 4054 1152 4112 accurentur
1183 4045 1393 4112 advenientes

275 4150 430 4234 hospites:
453 4149 575 4214 Eadem
600 4147 680 4215 haec
701 4148 788 4213 intus
810 4148 949 4214 edocebo
972 4148 1087 4234 (Futl
1110 4149 1180 4214 Fut.
1197 4148 1233 4232 Ι).

362 4251 514 4318 Videmus
537 4253 641 4338 igitur,
664 4259 694 4317 et
718 4251 750 4316 in
773 4251 1000 4336 enuntiatione,
1023 4251 1076 4315 ubi
1099 4251 1249 4335 „eadem‘
1269 4252 1395 4338 legitur,
