3178 4838
278 314 318 376 46

277 501 338 548 usu
360 479 614 550 coniunctionem
637 481 859 565 pronominum
876 481 997 564 „idem“
1011 490 1043 549 el
1058 484 1162 569 ,‚ipse“
1177 491 1209 552 et
1224 505 1402 573 perpaucos

276 585 364 653 locos
379 582 615 666 Ciceronianus,
637 585 691 653 ubi
713 585 753 662 in,
769 575 917 656 omnibus
940 587 992 654 vel
1014 587 1047 652 in
1063 588 1224 655 nonnullis
1239 590 1401 658 codicibus

276 685 359 756 haec
374 685 437 753 dno
452 685 643 770 pronomina
660 685 900 770 coniungantur,
916 688 1135 758 emendandos
1150 708 1229 760 esse.
1266 691 1401 775 Reisigii

223 851 226 856 ,
277 788 436 854 sententia
458 788 588 872 probari
610 787 738 854 videtur
761 789 890 854 Baitero
913 796 945 854 ct
967 791 1106 876 Halmio,
1135 792 1189 873 qui
1212 793 1343 873 quidem
1367 795 1400 858 in

276 891 415 960 editione
432 890 595 956 Ciceronis
610 891 825 975 paucissimos
847 893 933 960 locos
956 893 1119 963 obstantes
1141 895 1230 964 facili
1251 897 1401 964 emenda-

277 993 363 1058 tione
384 993 556 1076 corrigunt.
600 993 706 1060 Minus
729 993 892 1078 probatur,
914 995 999 1077 quod
1014 995 1174 1078 Reisigius
1190 996 1339 1080 disputat,
1363 999 1401 1080 ei,

277 1097 331 1178 qui
361 1093 489 1160 scholas
520 1096 590 1162 eius
619 1096 734 1166 edidit:
765 1096 927 1166 Friderioo
951 1098 1083 1168 Haasio.
1126 1097 1190 1170 Sed
1220 1098 1249 1163 is
1273 1105 1400 1183 praeter

277 1199 460 1284 exemplum
484 1198 550 1266 (lic.
566 1200 654 1265 Verr.
670 1201 693 1283 1,
717 1202 768 1284 28,
790 1199 810 1285 ξ
836 1204 884 1286 71,
907 1201 992 1284 quod
1015 1208 1124 1272 tamen
1147 1203 1252 1286 ipsum
1275 1223 1398 1286 quoquo

277 1302 514 1371 emendandum
530 1321 602 1367 esse
616 1321 721 1384 neque
732 1303 911 1385 quidquam
927 1306 1038 1374 valere
1050 1306 1120 1389 ipsc
1133 1307 1182 1373 vir
1197 1305 1400 1372 doctissimus

277 1406 483 1487 demonstrat,
508 1425 548 1474 55
577 1426 674 1474 unum
698 1405 827 1488 quidem
849 1407 953 1475 locum
976 1427 1016 1478 ex
1040 1408 1171 1492 optimis
1194 1409 1401 1492 scriptoribus

277 1509 378 1592 affert
402 1507 456 1592 qui
479 1514 600 1591 pugnet
622 1513 733 1575 contra
749 1509 883 1592 Reisigii
908 1510 1110 1578 sententiam.
1152 1508 1245 1588 Quod
1261 1511 1403 1577 Hessius

277 1611 457 1676 imitatione
474 1609 645 1688 nectarei,
666 1611 722 1696 qui
738 1611 929 1696 saepissime
944 1611 1032 1679 dicat
1047 1612 1149 1694 „idem
1164 1613 1260 1697 ipset,
1273 1613 1402 1698 probari

277 1718 370 1798 putat
393 1712 578 1778 Ciceronem
609 1732 736 1796 quoque
765 1711 846 1778 haec
877 1713 940 1780 duo
970 1712 1160 1798 pronomina
1192 1714 1402 1794 coniunxisse,

278 1814 353 1882 huic
375 1819 564 1896 argumento
594 1834 657 1881 non
688 1815 821 1880 multum
852 1815 1054 1882 tribuendum
1085 1833 1157 1880 esse
1186 1820 1273 1898 puto.
1317 1817 1420 1882 Nam·

278 1916 426 2001 quamvis
459 1935 575 2002 magno
607 1915 714 1982 studio
737 1917 928 1982 Lactantius
956 1936 1134 1985 sermonem
1158 1915 1401 1987 ciceronianum

279 2019 399 2092 imitari
429 2017 582 2100 studeret,
619 2023 729 2084 tamen
760 2017 947 2103 saepissime
977 2019 1096 2085 factum
1127 2024 1188 2100 ost,
1225 2023 1260 2088 ut
1282 2017 1401 2087 inritus

278 2121 419 2188 sermoni
443 2141 521 2187 suae
543 2121 660 2187 aetatis
683 2120 874 2206 indulgeret.
918 2120 1081 2192 Lactantii
1107 2127 1214 2192 antem
1239 2109 1348 2191 aetate
1370 2125 1402 2188 et

279 2225 407 2292 omnino
438 2223 526 2307 apud
553 2224 724 2309 scriptores
745 2223 937 2308 posteriores
960 2225 1150 2308 saepissime
1171 2223 1293 2308 ,‚idem“
1315 2243 1403 2287 usur·

58 2322 60 2326 ’
161 2332 164 2337 ’
277 2333 374 2412 patur
388 2347 445 2411 pro
461 2326 532 2409 ‚‚is“,
556 2327 603 2391 ita
626 2332 660 2390 ut
676 2324 778 2407 „idem
795 2327 883 2410 ipse“
898 2325 983 2393 idern
1007 2327 1117 2396 valeat
1132 2330 1230 2408 atque
1245 2325 1290 2409 ,‚is
1306 2325 1402 2410 ipse“.

352 2427 534 2496 ‘Contraria
546 2427 711 2493 collocatio
728 2429 949 2512 pronominum
961 2429 1056 2512 „iste“
1068 2433 1100 2496 et
1110 2427 1230 2509 ‚‚idem“
1242 2428 1402 2494 invenitur

280 2532 357 2602 Hoc.
372 2534 435 2596 754
458 2535 490 2596 et
512 2529 648 2614 Adelph.
664 2532 735 2596 599.

365 2635 441 2702 Η55.
454 2637 516 2697 754
531 2633 661 2715 legitur:
684 2639 781 2714 atque
795 2633 877 2700 istuc
891 2632 1114 2700 iusiurandum
1129 2632 1215 2698 idem
1231 2631 1403 2717 polliceare

278 2737 352 2805 illis.
367 2773 410 2789 —-
433 2735 566 2802 Reinius
589 2743 673 2804 recte
696 2735 838 2820 corrigit:
861 2735 1079 2803 iusiurandum
1103 2734 1189 2802 item.

365 2836 500 2920 Adelph.
515 2838 577 2900 599
593 2835 722 2920 legitur:
745 2841 842 2920 atque
857 2837 958 2902 istaec
972 2835 1094 2918 eadem,
1117 2855 1202 2918 quae
1218 2834 1299 2900 mihi
1313 2835 1403 2914 dixti,

279 2949 348 3008 tute
370 2941 461 3008 dicas
484 2939 619 3005 mulieri.
641 2975 684 2986 -
710 2939 844 3004 Reinius
867 2939 1001 3008 coniecit
1023 2947 1138 3023 „atque
1160 2938 1269 3003 omnia
1290 2938 1399 3021 istaec,
1432 2945 1433 2948 ’

280 3043 390 3127 quael,
421 3042 478 3108 sed
508 3061 548 3106 ne
580 3041 641 3106 sibi
672 3042 735 3127 ipsi
764 3041 893 3124 quidem
923 3041 1051 3125 placere
1079 3040 1162 3107 hanc
1188 3039 1402 3106 coniecturam

279 3148 403 3215 fatetur.
448 3145 521 3211 Mea
544 3143 672 3227 quidem
697 3145 855 3212 sententia
883 3144 965 3210 haec
986 3143 1117 3208 insolita
1138 3142 1310 3208 collocatio
1328 3142 1403 3207 inde

280 3249 474 3334 explicanda
501 3254 558 3331 est,
589 3247 674 3329 quod
704 3247 895 3312 attractione
922 3245 1064 3328 quadem
1087 3245 1237 3328 ‚‚eadem“
1260 3244 1403 3329 proxime

280 3373 301 3416 a
317 3351 504 3436 pronomine
519 3350 654 3416 relativo
671 3350 822 3433 scriptum
839 3353 895 3414 est.
939 3347 1142 3416 simillimum
1159 3355 1208 3414 est
1219 3347 1401 3432 exemplum

279 3453 393 3540 Amph.
408 3455 482 3518 614:
505 3458 695 3536 prognatum
717 3458 810 3536 patre
837 3449 958 3534 eodem,
979 3470 1042 3534 quo
1064 3470 1122 3535 ego
1146 3472 1225 3532 sum,
1251 3450 1290 3515 cf.
1305 3469 1335 3535 p.
1351 3451 1403 3515 38.

279 3556 368 3624 Idem
384 3555 502 3621 sentire
518 3553 676 3620 Daiatzko
693 3552 771 3618 mihi
794 3552 926 3632 videtur,
949 3571 1020 3618 oum
1043 3554 1076 3618 in
1099 3553 1173 3618 adn.
1188 3553 1254 3618 crit.
1271 3551 1402 3620 551157.

281 3657 368 3741 dicit,
390 3659 527 3724 fortasse
550 3660 624 3740 post
646 3655 782 3738 ,‚istaec“
804 3654 917 3722 leniter
939 3673 1010 3720 5555
1033 3654 1302 3737 distinguendum.

824 3846 860 3912 Ε.

367 3967 500 4032 Constat
521 3964 608 4049 apud
624 3963 773 4031 Plautum
790 3968 822 4028 ct
838 3962 1031 4044 Terentium,
1054 3961 1081 4028 si
1098 3936 1276 4050 compluria
1290 3983 1403 4047 prono·

282 4071 369 4138 mina
394 4068 428 4136 in
458 4088 520 4133 uno
550 4066 716 4134 enuntiato
746 4070 883 4148 exstant,
912 4065 993 4132 haec
1024 4065 1234 4135 collocatione
1264 4066 1346 4132 inter
1368 4085 1403 4134 55

282 4171 430 4254 coniungi
451 4170 565 4252 solere,
595 4168 722 4234 etiamsi
745 4166 875 4234 minime
905 4166 988 4236 inter
1018 4187 1053 4236 55
1083 4166 1299 4234 construenda
1322 4173 1403 4236 sunt.

281 4274 366 4341 Fieri
381 4279 489 4340 antem
506 4290 638 4341 necesse
654 4276 712 4354 est,
727 4275 762 4336 ut
777 4271 880 4336 multa
894 4270 1094 4356 pronomina,
1114 4289 1199 4352 quac
1214 4269 1403 4356 saepissime
