3178 4838
296 309 336 369 50

381 475 469 542 Asin.
484 479 546 542 613
579 476 681 542 oodd:
713 476 791 542 Mihi
829 482 980 542 certumst
1010 476 1135 544 efficere
1164 479 1196 544 in
1229 500 1281 547 me
1310 483 1417 548 omnia

296 576 419 662 eadem,
447 598 531 661 quae
561 585 595 644 tu
624 580 658 645 in
687 585 719 646 te
750 580 843 646 faxis.
865 617 908 626 -
930 579 1157 647 Fleckeisenus
1185 583 1307 649 soribit:
1338 586 1417 652 Mihi

295 687 446 746 certumst
462 681 588 754 efficere
603 682 711 749 omnia
733 682 765 746 16
786 701 837 747 me
851 682 966 748 eadem
981 702 1066 766 quae
1081 690 1151 750 oett.
1195 685 1259 751 Sed
1276 689 1416 755 maxime

295 781 372 848 mihi
389 783 551 868 probatur,
575 784 660 867 quod
676 784 828 850 Goetzius
843 790 875 849 et
891 785 1041 850 Loewius
1057 784 1298 852 Lachmaunnm
1314 793 1414 856 secuti

294 891 422 951 servato
452 886 564 952 ordine
593 887 770 970 verborum,
802 887 857 969 qui
886 894 934 952 est
961 888 994 950 iu
1025 887 1200 972 codicibus,
1229 889 1285 954 sed
1308 888 1414 956 deleto

293 988 481 1088 pronomine
503 987 614 1070 „mihi“
637 988 791 1053 scribunt:
822 988 982 1055 Certumst
1011 988 1137 1055 efficere
1165 989 1198 1053 in
1227 1009 1277 1056 me
1305 993 1412 1058 omnin

293 1093 417 1172 eadem,
440 1112 468 1174 q.
484 1097 504 1157 t.
520 1092 541 1158 i.
555 1097 577 1159 t.
593 1092 628 1176 s.
656 1092 752 1158 Num⁴
765 1093 791 1156 si
814 1098 952 1175 „eertum
975 1093 1040 1157 ast“
1062 1113 1132 1157 aum
1157 1093 1312 1159 infinitivo
1341 1115 1413 1161 eon·

201 1183 203 1186 ’
295 1193 443 1274 struitur,
480 1192 645 1258 rarissime
681 1191 769 1277 apud
808 1193 956 1258 Plautum
994 1193 1123 1276 quidem
1160 1200 1193 1259 et
1230 1197 1410 1261 Terentium

293 1313 466 1379 pronomen
489 1294 604 1379 „mihi“
626 1294 764 1361 additur.
808 1294 904 1379 „mihi
927 1297 1095 1362 certumst‘
1123 1301 1250 1379 praeter
1272 1303 1412 1363 nostrum

291 1416 418 1462 versum
455 1398 555 1463 semel
586 1416 637 1461 me
668 1397 774 1480 legere
804 1398 947 1462 memini:
977 1397 1094 1464 Pseud.
1114 1401 1206 1476 12393
1246 1406 1415 1485 ‚pertumst

292 1498 387 1563 mihi“
418 1505 479 1564 ter:
519 1498 633 1564 Pseud.
650 1501 690 1562 90
720 1505 752 1563 61
782 1499 814 1562 16
843 1498 957 1563 finibus
994 1518 1144 1565 versuum
1175 1500 1267 1584 Oapt.
1285 1504 1346 1564 772
1383 1506 1415 1566 et

292 1602 493 1684 661113.
544 1601 651 1666 Dubia
689 1607 739 1666 est
775 1601 869 1666 lentio
900 1603 1104 1668 Ρ666.1420.
1156 1601 1312 1670 Omnibus
1342 1604 1415 1668 aliis

239 1700 241 1706 ’
291 1703 369 1766 loeis
396 1738 439 1749 -
464 1721 597 1768 numero
628 1701 694 1766 sere
724 1701 895 1784 sexaginta
921 1737 962 1748 -
989 1701 1105 1785 legitur
1131 1708 1317 1786 „certumst‘
1346 1705 1415 1769 sine

217 1871 219 1876 ,
290 1803 414 1888 „mihi“.

671 2143 814 2209 CAPUT
838 2144 1042 2210 TERTIUM.

833 2329 869 2396 A.

376 2451 417 2516 116
441 2449 613 2532 pronomine
636 2449 759 2515 rotatim
783 2447 813 2514 ot
836 2447 1095 2518 coniurationibus
1118 2448 1180 2528 ‚‚ut‚
1203 2449 1315 2530 auum

543 2584 611 2635 aum
636 2570 811 2651 pronomine
834 2569 952 2648 „idem“
976 2569 1157 2636 6661666116.

374 2720 572 2804 Saepissime
601 2720 762 2786 invenitur
785 2720 895 2803 ‚‚idem,
926 2721 1008 2802 qui“,
1038 2721 1179 2804 „eadem
1209 2722 1312 2803 quad*
1340 2728 1410 2790 6611.

290 2829 325 2887 61
347 2822 460 2907 Amph.
478 2825 526 2887 77.
550 2826 619 2887 447.
643 2826 712 2886 614.
737 2829 808 2889 dett.

373 2925 516 2992 'trinit
540 2924 630 2990 codd.
652 2924 815 2990 exhibent:
846 2922 1002 2989 Omnibus
1031 2924 1152 3005 amieis,
1183 2925 1268 3007 quod
1292 2925 1409 3008 mihist,

287 3027 379 3113 cupio
403 3047 474 3094 esse
496 3028 591 3095 idem.
612 3064 655 3075 —
678 3025 811 3093 Bothius
833 3027 1018 3094 emendavit
1045 3028 1166 3111 ‚,item“.
1211 3027 1411 3110 Ritsohelius,
1504 3051 1508 3059 ’

287 3150 483 3212 quamquam
513 3131 546 3195 in
576 3131 641 3197 ind.
664 3129 761 3195 schol.
786 3129 847 3196 hib.
892 3130 991 3194 Bonn.
1018 3131 1155 3209 1841141
1189 3150 1219 3213 p.
1243 3129 1274 3196 X
1305 3136 1410 3196 annot.

287 3231 369 3297 hano
391 3233 606 3299 oonieoturam
622 3232 868 3316 improbaverat,
892 3238 999 3297 tamen
1022 3236 1138 3315 postea
1152 3230 1278 3315 (opuso.
1292 3233 1333 3315 ΙΙ,
1350 3234 1410 3296 418

287 3333 408 3418 annot.)
424 3353 496 3400 eam
513 3335 641 3418 recepit,
656 3354 727 3399 eum
744 3334 884 3418 negabat
898 3351 1072 3417 pronomen
1085 3332 1206 3416 ‚,idem“
1218 3333 1264 3399 sie
1280 3334 1408 3416 quidem

287 3437 476 3502 oolloeatum
507 3435 581 3502 terri
615 3455 719 3519 posse.
771 3435 979 3502 Ritsohelium
1020 3435 1120 3501 seouti
1159 3441 1233 3500 sunt
1271 3436 1411 3504 editores

286 3546 414 3623 praeter
436 3539 591 3622 Brixium,
613 3539 667 3621 qui
690 3557 864 3625 pronomen
888 3539 1009 3622 „idem“
1030 3539 1146 3606 retinet
1172 3544 1204 3604 et
1232 3537 1274 3604 ad
1298 3538 1408 3604 defen-

287 3641 426 3708 dendam
458 3641 602 3708 oodioum
633 3640 801 3708 tentionem
831 3641 863 3706 in
892 3642 1030 3726 append.
1054 3639 1098 3706 ad
1128 3640 1157 3705 h.
1179 3661 1209 3710 v.
1237 3640 1410 3725 adscripsit

286 3744 377 3809 Most.
392 3745 467 3808 296:
497 3742 582 3826 quod
612 3742 670 3807 tibi
700 3743 796 3824 lubet,
826 3743 911 3808 idem
942 3742 1020 3807 mihi
1052 3741 1211 3808 lubet-
1234 3741 1297 3808 Sed
1329 3741 1407 3806 illud

285 3845 415 3928 quidem
438 3845 518 3910 satis
541 3850 650 3909 notum
673 3851 731 3926 est,
760 3845 880 3927 „idem“
903 3863 1076 3929 pronomen
1108 3862 1171 3908 non
1200 3842 1303 3907 minus
1324 3847 1407 3908 reete

285 3954 359 4034 post
374 3947 543 4014 relativam
561 3947 750 4013 sententiam
767 3967 865 4030 quam
882 3953 958 4013 ante
974 3965 1045 4012 earn
1062 3947 1148 4032 poni.
1192 3935 1304 4028 Itadtre
1319 3942 1408 4009 aliud

190 4055 193 4064 '
285 4050 441 4135 quiddam
480 4050 687 4115 Ritsehelium
729 4049 902 4116 offendisse
938 4049 1074 4116 videtur.
1131 4049 1196 4115 Sed
1241 4048 1410 4114 videamus

283 4151 442 4237 exempla,
466 4149 519 4216 ubi
542 4171 718 4234 pronomen
741 4149 911 4217 relativum
935 4149 1155 4234 anteponitur:

369 4251 486 4338 Amph.
506 4255 567 4316 532
591 4253 676 4317 Nam
699 4271 764 4334 qna
785 4258 878 4318 noete
900 4252 942 4318 ad
965 4272 1017 4318 me
1038 4251 1164 4333 venisti,
1192 4248 1306 4316 eadem
1328 4250 1411 4315 abis.
