3178 4838
1268 353 1308 414 43

186 534 213 598 si
248 532 369 598 leporis.
400 567 442 578 -—
472 528 700 594 Fleckeisenus
737 533 769 592 et
803 524 962 592 Daiutzho
999 543 1126 590 versum
1166 522 1310 607 spurium

185 655 257 702 esse
280 639 404 720 putant.
1212 637 1215 644 '

269 737 385 802 Heaut.
403 731 483 799 toto
506 734 624 817 legitur
646 733 678 797 in
701 733 770 797 eod.
786 733 826 796 A:
857 732 958 795 lmmo
981 730 1044 794 sois
1065 728 1181 812 potius,
1211 745 1309 810 quam

182 841 314 924 quidem
336 839 467 904 redeam
489 835 648 922 (‚,redeat“
665 835 801 900 eorrexit
819 834 925 900 altera
948 831 1135 916 manuslad
1150 831 1309 913 integrum

185 943 265 1008 haee
287 941 403 1008 eadem
427 940 539 1005 oratio.
553 975 596 986 -
610 938 741 1003 Rectius
761 937 860 1002 aeteri
881 935 975 1000 codd.
998 953 1173 1018 pronomen
1197 933 1311 1016 „haeo“

185 1047 345 1111 omittunt.
368 1079 410 1092 -
432 1044 548 1106 Totum
571 1061 697 1107 versum
729 1061 800 1106 oum
823 1037 1023 1104 Dniatnhone
1045 1037 1215 1119 legendum
1237 1055 1309 1101 esse

130 1190 133 1195 -
185 1153 262 1233 puto
292 1147 353 1211 ita:
383 1146 484 1210 lmmo
515 1145 578 1210 sois
607 1143 731 1229 potius,
761 1162 858 1225 quam
881 1140 1012 1224 quidem
1042 1139 1153 1206 redeat
1184 1137 1310 1222 integre

184 1250 300 1316 eadem
325 1249 438 1314 oratio.
568 1243 572 1253 ’

735 1330 768 1396 Ο.

271 1453 379 1518 Etiam
406 1451 446 1518 de
474 1450 695 1517 coniunctione
721 1449 919 1534 pronominis
938 1439 1065 1531 ',‚idem“
1092 1467 1164 1512 eum
1197 1466 1310 1530 prono-

188 1556 326 1621 minibus
355 1555 442 1638 „ille“
479 1560 511 1620 et
541 1547 638 1638 „iste“
673 1553 785 1636 regula
814 1551 1034 1616 Ritsoheliana
1071 1549 1312 1633 comprobanda

188 1678 260 1723 esse
290 1657 367 1721 mihi
398 1655 532 1736 videtur,
563 1657 611 1722 ita
636 1663 676 1719 'ut
709 1675 820 1720 versus
850 1653 1035 1736 nonnullos,
1066 1652 1120 1716 ubi
1152 1647 1312 1717 contraria

190 1760 360 1827 collocatio
383 1759 552 1839 invenitur,
576 1757 793 1825 emendandos
816 1776 888 1822 esse
911 1762 1028 1841 potem.

272 1863 361 1946 ‚‚ille“
383 1869 414 1927 et
429 1861 550 1945 ‚‚idem“
566 1860 655 1945 apud
670 1861 819 1926 Plautum
842 1860 924 1924 inter
946 1878 981 1923 se
1004 1858 1240 1939 coniunguntur
1263 1855 1313 1920 his

187 1964 277 2030 loeis:
302 1965 376 2031 Cas.
392 1964 474 2030 Prol.
490 1964 528 2026 ht
561 1962 698 2028 eandem
726 1962 823 2026 illam.
867 1960 933 2026 Mil.
949 1980 1015 2044 arg.
1032 1961 1055 2044 1,
1077 1962 1099 2024 4
1130 1959 1234 2024 eidem
1265 1956 1313 2022 illi

190 2067 291 2133 militi.
335 2066 416 2131 Rud.
434 2070 493 2131 547
519 2065 632 2130 eadem
656 2064 721 2130 illa.

276 2171 449 2235 Praeterea
473 2166 708 2232 verisimillima
732 2165 913 2230 coniectura
928 2185 949 2230 a
963 2165 1065 2230 Pareo
1089 2165 1315 2248 scriptumest

188 2272 268 2336 Rnd.
286 2273 380 2334 1337:
411 2269 533 2334 Eodem
563 2269 620 2332 illo
650 2268 720 2352 die,
751 2267 804 2333 ubi
835 2267 938 2333 viduli
967 2267 1031 2332 sies
1062 2265 1191 2351 potitus.
1212 2303 1255 2312 -
1278 2265 1315 2329 ln

188 2372 278 2438 oodd.
299 2371 390 2437 deest
412 2371 510 2453 ‚‚illo“.

275 2471 351 2538 (list.
367 2473 391 2551 l,
415 2474 443 2556 3,
466 2474 516 2556 35,
546 2471 600 2538 uhi
622 2472 732 2556 „lubet
754 2471 844 2537 illum
867 2471 1004 2538 eundem
1026 2471 1177 2556 persequi
1200 2471 1227 2535 si
1249 2491 1315 2553 qua

190 2577 305 2656 queat‘
327 2575 449 2659 legitur,
479 2580 564 2640 eerte
594 2574 749 2640 facillima
779 2574 1028 2658 transpositione
1057 2573 1197 2639 seribere
1227 2572 1314 2638 lieet:
1376 2559 1379 2564 ¹

190 2678 283 2743 Iubet
306 2677 442 2744 eundem
466 2677 556 2740 illum
578 2677 729 2761 persequi
751 2683 824 2743 oett.

277 2780 373 2864 Apud
396 2779 580 2844 Terentium
612 2785 661 2845 ter
691 2778 850 2846 invenitur
877 2778 996 2863 „idem“
1025 2800 1096 2845 eum
1129 2778 1315 2863 pronomine

188 2881 279 2966 ‚,ille“
294 2883 512 2949 ooninnetnm:
535 2881 671 2967 Adelph.
689 2885 750 2946 812
774 2883 912 2948 eandem
933 2881 1023 2947 illam
1039 2881 1204 2964 rationem,
1225 2900 1315 2965 prae·

190 2993 279 3052 terea
302 2986 418 3052 Heaut.
434 2987 495 3049 678
518 2991 553 3050 et
573 2985 645 3052 898.

173 3147 176 3154 .
277 3088 394 3153 Heaut.
410 3089 472 3151 678
488 3087 533 3151 Α;
555 3086 730 3151 Retraham
754 3086 859 3152 herele
876 3088 987 3172 opinor
1010 3087 1094 3150 idem
1118 3088 1161 3151 ad
1184 3107 1316 3172 meego

191 3186 272 3251 illud
301 3189 396 3254 hodie
426 3187 542 3272 fugitiv
572 3189 711 3273 (reliqua
741 3189 840 3253 verba
870 3189 986 3254 desunt
1015 3191 1047 3253 in
1070 3189 1122 3274 Α).
1167 3190 1314 3256 BCEFP:

193 3289 306 3373 opinor
331 3291 374 3353 ad
396 3311 447 3355 me
469 3293 554 3357 idem
577 3293 656 3357 illud
672 3291 854 3374 fugitivum.
898 3291 1030 3356 Exitum
1046 3312 1158 3357 versus
1172 3294 1317 3377 plerique

191 3391 281 3455 eodd.
304 3391 470 3456 exhibent:
493 3394 663 3474 fugitivum
685 3398 853 3478 argentum
876 3401 992 3460 tamen.
1007 3433 1049 3442 -
1066 3395 1168 3462 Vooes
1188 3395 1316 3477 ,‚hodie“

193 3499 225 3558 et
247 3497 350 3578 ‚‚ego“,
379 3513 462 3577 quae
489 3495 558 3558 solo
581 3497 690 3562 oodioe
711 3499 739 3564 A
762 3496 958 3580 exhihentur,
985 3504 1071 3564 reete
1097 3499 1130 3562 in
1157 3498 1317 3582 plerisque

193 3595 389 3662 editionibus
423 3597 562 3662 omissae
596 3604 684 3682 sunt,
717 3599 754 3663 ef.
772 3620 801 3683 p.
818 3602 867 3663 47.
913 3600 1087 3666 Praeterea
1118 3600 1251 3666 offendit
1283 3601 1317 3666 in

191 3706 218 3769 A
246 3699 324 3766 ordo
340 3702 564 3784 pronominum
580 3700 682 3786 „idem
705 3702 748 3766 ad
772 3721 823 3767 me
845 3702 950 3782 illud“,
974 3722 1078 3786 neque
1101 3708 1209 3769 tamen
1232 3705 1317 3787 quod

193 3804 289 3888 vulgo
307 3802 425 3887 legitur
441 3804 501 3886 „ad
521 3795 572 3868 me
595 3803 680 3868 idem
696 3803 792 3868 illud“
809 3801 919 3869 rerum
941 3825 1014 3870 esse
1037 3805 1170 3870 videtur.
1214 3807 1317 3890 Magis

192 3906 342 3973 eonvenit
357 3906 581 3972 consuetudini
592 3906 764 3971 Plautinae
779 3913 811 3972 et
824 3906 1046 3991 Terentianae,
1061 3907 1147 3990 quod
1160 3908 1316 3974 Daiatnho

194 4009 285 4094 legit:
307 4000 396 4074 idem
414 4007 495 4074 illud
518 4009 560 4072 ad
584 4028 636 4074 me
658 4007 826 4092 fugitivom
849 4015 919 4075 eett.
1024 4075 1027 4082 ,

275 4114 392 4178 Heaut.
408 4098 469 4178 898
491 4112 622 4195 legitur:
652 4111 716 4178 Sed
746 4111 801 4178 ille
836 4119 924 4177 tuom
956 4131 1084 4195 quoque
1106 4113 1206 4197 Syrus
1233 4113 1317 4179 idem

191 4216 270 4282 mire
285 4216 375 4281 finxit
390 4215 499 4282 tilium.
542 4222 632 4299 „tuus
646 4215 798 4282 301th
813 4214 959 4301 „isdem“
976 4216 1012 4298 A,
1028 4215 1183 4281 omittitur
1197 4217 1317 4302 ,‚idem“

191 4318 224 4386 in
247 4319 316 4388 eod.
331 4317 369 4386 G.
393 4353 433 4364 -
455 4317 588 4384 Reinius
610 4319 771 4404 proponit:
799 4317 862 4383 Sed
889 4316 944 4382 ille
972 4323 1043 4382 tuos
1070 4323 1155 4384 tuom
1193 4339 1319 4402 quoque
