3178 4838
290 1320 377 1430 iiam
403 1363 481 1429 mihi
504 1365 741 1450 proposuissem
765 1365 938 1433 deformis
964 1373 996 1433 et
1017 1389 1077 1433 usu
1099 1369 1322 1452 pronominum

207 1467 313 1551 ,ipse“
339 1473 371 1532 et
397 1466 517 1547 ,idem“
543 1467 630 1552 apud
653 1469 803 1534 Plautum
826 1469 991 1555 disserere,
1017 1471 1188 1555 praecipue
1211 1478 1245 1537 ut
1269 1472 1324 1538 (16-

203 1575 431 1654 monstrarem,
454 1589 537 1652 quae
561 1570 786 1636 similitudines
809 1571 891 1637 inter
913 1571 992 1637 baec
1017 1574 1209 1656 pronomina
1232 1575 1324 1640 inter-

203 1671 365 1754 cederent,
387 1671 482 1737 facile
504 1673 649 1738 intellexi
672 1672 759 1738 haud
781 1691 854 1737 raro
877 1673 919 1738 ad
942 1675 1085 1757 aliquam
1109 1694 1175 1742 rem
1198 1676 1324 1742 demon-

203 1775 368 1840 strandam
386 1775 496 1860 magni
512 1775 674 1853 interesse,
697 1776 926 1841 Terentianum
938 1795 1070 1859 quoque
1089 1783 1181 1842 usum
1197 1777 1323 1845 dicendi

202 1877 362 1960 cognitum
379 1877 506 1944 babere.
552 1879 666 1961 ltaque
681 1879 869 1962 praesertim
886 1897 957 1943 cnm
980 1879 1109 1963 saepius
1125 1890 1324 1948 occurrerent

201 1981 384 2046 sententiae
414 1982 554 2046 virorum
584 1981 763 2064 doctorum,
801 1980 915 2063 quibus
945 1979 1018 2046 falsi
1049 1981 1173 2064 aliquid
1204 1983 1244 2050 de
1274 1985 1324 2050 bis

201 2083 443 2168 pronominibus
458 2083 545 2168 apud
558 2083 743 2148 Terentium
760 2082 923 2166 usurpatis
938 2083 1212 2169 pronuntiabatur,
1224 2086 1322 2151 etiam

202 2186 351 2270 exempla
374 2205 414 2251 ex
437 2185 496 2250 boo
518 2193 614 2269 poeta
638 2191 766 2268 sumpta
788 2184 976 2267 diligentius
998 2189 1138 2251 tractare
1165 2189 1323 2254 constitui.

203 2286 268 2352 Sed
284 2287 434 2369 quoniam
450 2287 578 2370 longum
596 2293 666 2352 erat
685 2305 811 2351 omnem
828 2305 894 2353 rem
910 2294 1116 2371 pertractare,
1138 2308 1179 2354 ne
1194 2291 1322 2356 modum

203 2388 373 2454 excederet
388 2389 573 2472 disputatio,
595 2396 700 2455 certas
715 2396 824 2474 partes
839 2389 932 2473 elegi,
954 2390 995 2456 de
1010 2390 1126 2473 quibus
1141 2395 1323 2459 accuratius

203 2490 402 2558 dissererem.

287 2594 401 2676 Itaque
423 2593 528 2684 priore
549 2601 641 2677 parte
663 2594 802 2677 primum
825 2594 930 2658 dicam
947 2592 1111 2661 deformis
1127 2598 1324 2679 pronominis

205 2696 323 2781 ,ipse“,
353 2694 471 2761 deinde
501 2695 542 2761 de
573 2695 780 2762 collocatione
812 2695 904 2761 huius
933 2697 1130 2781 pronominis
1160 2717 1228 2764 cum
1254 2700 1324 2764 sub-

202 2797 353 2863 stantivis
368 2804 400 2865 et
416 2799 489 2863 aliis
504 2799 746 2883 pronominibus
762 2799 936 2882 coniuncti3
958 2787 1063 2865 altera
1078 2806 1170 2883 parte
1185 2802 1323 2885 primum

201 2900 358 2966 disseram
388 2899 429 2966 (16
459 2900 668 2967 collocatione
700 2902 897 2986 pronominis
930 2902 1057 2981 ,idem“'
1082 2922 1153 2967 cum
1180 2904 1324 2970 substan-

201 3002 276 3068 tivis
305 3009 337 3069 et
367 3004 442 3069 aliis
464 3004 704 3088 pronominibus
727 3004 899 3088 coniuncti,
929 3003 1045 3071 deinde
1074 3025 1180 3089 pauca
1203 3006 1322 3071 addam

202 3105 243 3170 de
272 3107 452 3191 syntactlco
482 3127 541 3171 usu
570 3106 665 3172 huius
694 3107 891 3191 pronominis
921 3113 953 3172 et
984 3105 1128 3173 adverbii
1162 3108 1324 3186 ,eadem“.

201 3244 244 3254 -
273 3209 322 3272 De
353 3209 464 3274 formis
494 3209 693 3294 pronominis
725 3207 846 3288 ,idem“
879 3208 1046 3292 disputare
1073 3229 1136 3273 non
1160 3231 1240 3295 opus
1267 3218 1322 3292 est,

203 3329 272 3374 cum
300 3314 402 3374 totam
428 3310 511 3376 banc
547 3331 612 3377 rem
644 3312 886 3377 accuratissime
916 3311 1105 3377 tractaverit
1131 3311 1323 3380 Ritschelius

202 3431 252 3496 op.
268 3411 321 3496 IV,
345 3415 405 3476 313
417 3431 485 3495 sqq.
1129 3475 1130 3479 ,

289 3513 380 3579 Nihil
403 3515 506 3580 dicam
531 3515 571 3583 de
593 3516 827 3598 significatione
849 3515 961 3582 horum
979 3517 1210 3602 pronominum,
1231 3538 1322 3602 prae-

203 3617 312 3682 sertim
351 3636 420 3680 cum
460 3636 480 3680 a
518 3617 702 3702 Knebnero,
739 3619 879 3704 Haasio,
917 3619 1093 3702 Draegero,
1125 3619 1322 3686 Kuehnastio

202 3721 306 3806 (Synt.
326 3717 395 3786 Liv.
417 3741 446 3804 p.
465 3721 624 3804 112sqq),
646 3721 721 3787 aliis
743 3742 783 3788 66
806 3723 847 3787 (16
869 3742 904 3787 16
926 3722 972 3786 116
994 3723 1192 3806 disputatum
1216 3725 1266 3805 sit,
1289 3730 1323 3788 ut

201 3822 278 3887 nihil
304 3817 373 3888 sere
396 3821 469 3886 novi
492 3823 634 3906 proferre
665 3823 794 3908 possim.
817 3861 858 3870 -
882 3824 987 3890 Unum
1011 3831 1138 3906 tamen,
1168 3824 1253 3906 quod
1280 3825 1331 3890 ad'

201 3921 463 4009 significationem
495 3927 693 4009 pronominis
726 3929 832 4012 ,ipse“
858 3929 986 4007 attinet,
1009 3926 1086 3992 mihi
1109 3947 1236 4011 quoque
1256 3928 1321 3994 iam

202 4027 262 4092 boc
284 4026 352 4092 loco
376 4047 626 4094 commemorare
647 4029 753 4095 liceat.

288 4130 426 4214 Saepius
448 4130 531 4196 enim
556 4137 589 4197 et
604 4132 691 4215 apud
708 4130 857 4197 Plautum
881 4139 913 4198 et
928 4132 1014 4217 apud
1029 4131 1214 4197 Terentium
1230 4133 1322 4214 servi,

203 4249 274 4295 cum
307 4233 347 4298 de
380 4233 518 4298 dominis
551 4232 618 4298 suis
651 4233 832 4318 loquuntur,
865 4234 951 4298 nudo
987 4234 1174 4318 pronomine
1214 4233 1318 4317 ,ipse“

203 4337 348 4420 utuntur,
377 4336 503 4401 etiarnsi
532 4341 631 4402 antea
660 4337 701 4402 de
732 4337 860 4402 domino
891 4336 943 4402 vel
965 4336 1094 4400 domina
1117 4336 1236 4401 dictum
1258 4335 1345 4401 non

1089 4455 1119 4507 1*
